timestamp,sequence,exchange_timestamp,bid_price_0,bid_size_0,ask_price_0,ask_size_0,bid_price_1,bid_size_1,ask_price_1,ask_size_1,bid_price_2,bid_size_2,ask_price_2,ask_size_2,bid_price_3,bid_size_3,ask_price_3,ask_size_3,bid_price_4,bid_size_4,ask_price_4,ask_size_4,bid_price_5,bid_size_5,ask_price_5,ask_size_5,bid_price_6,bid_size_6,ask_price_6,ask_size_6,bid_price_7,bid_size_7,ask_price_7,ask_size_7,bid_price_8,bid_size_8,ask_price_8,ask_size_8,bid_price_9,bid_size_9,ask_price_9,ask_size_9,bid_price_10,bid_size_10,ask_price_10,ask_size_10,bid_price_11,bid_size_11,ask_price_11,ask_size_11,bid_price_12,bid_size_12,ask_price_12,ask_size_12,bid_price_13,bid_size_13,ask_price_13,ask_size_13,bid_price_14,bid_size_14,ask_price_14,ask_size_14,bid_price_15,bid_size_15,ask_price_15,ask_size_15,bid_price_16,bid_size_16,ask_price_16,ask_size_16,bid_price_17,bid_size_17,ask_price_17,ask_size_17,bid_price_18,bid_size_18,ask_price_18,ask_size_18,bid_price_19,bid_size_19,ask_price_19,ask_size_19
1756673126.7427604,1756673125710,1756673125710,0.33197,3992.0,0.33226,534.0,0.33195,4499.0,0.33227,6188.0,0.33193,113.0,0.33264,226.0,0.33172,236.0,0.33267,226.0,0.33171,1884.0,0.3327,226.0,0.3317,234.0,0.33273,226.0,0.33167,234.0,0.33276,226.0,0.33164,234.0,0.33279,226.0,0.33161,4733.0,0.33282,226.0,0.33158,234.0,0.33285,226.0,0.33155,234.0,0.33288,226.0,0.33154,227.0,0.33291,226.0,0.33151,227.0,0.33294,226.0,0.3315,227.0,0.33297,226.0,0.33147,227.0,0.333,226.0,0.33145,226.0,0.33302,4516.0,0.33142,226.0,0.33303,226.0,0.33139,226.0,0.33304,4270.0,0.33138,226.0,0.33306,226.0,0.33135,226.0,0.33309,226.0
1756673126.7443192,1756673125997,1756673125997,0.33197,3992.0,0.33226,534.0,0.33195,4499.0,0.33227,6188.0,0.33193,113.0,0.33264,226.0,0.33172,236.0,0.33267,226.0,0.33171,1884.0,0.3327,226.0,0.3317,234.0,0.33273,226.0,0.33167,234.0,0.33276,226.0,0.33164,234.0,0.33279,226.0,0.33161,4733.0,0.33282,226.0,0.33158,234.0,0.33285,226.0,0.33155,234.0,0.33288,226.0,0.33154,227.0,0.33291,226.0,0.33151,227.0,0.33294,226.0,0.3315,227.0,0.33297,226.0,0.33147,227.0,0.333,226.0,0.33145,226.0,0.33302,4516.0,0.33142,226.0,0.33303,226.0,0.33139,226.0,0.33304,4270.0,0.33138,226.0,0.33306,226.0,0.33135,226.0,0.33309,226.0
1756673127.2113655,1756673126502,1756673126502,0.33197,3992.0,0.33226,293.0,0.33195,4499.0,0.33264,226.0,0.33193,113.0,0.33267,19922.0,0.33171,1884.0,0.3327,226.0,0.3317,234.0,0.33273,226.0,0.33167,234.0,0.33276,226.0,0.33164,234.0,0.33279,226.0,0.33161,4733.0,0.33282,226.0,0.33158,234.0,0.33285,226.0,0.33155,234.0,0.33288,226.0,0.33154,227.0,0.33291,226.0,0.33151,227.0,0.33294,226.0,0.3315,227.0,0.33297,226.0,0.33147,227.0,0.333,226.0,0.33145,226.0,0.33302,4516.0,0.33142,226.0,0.33303,226.0,0.33139,226.0,0.33306,226.0,0.33138,226.0,0.33309,226.0,0.33135,226.0,0.33312,226.0,0.33133,225.0,0.33315,226.0
1756673127.671601,1756673127004,1756673127004,0.33197,3992.0,0.33226,293.0,0.33195,4499.0,0.33262,4270.0,0.33193,113.0,0.33264,226.0,0.33171,1884.0,0.33267,19922.0,0.3317,234.0,0.3327,226.0,0.33167,234.0,0.33273,226.0,0.33164,234.0,0.33276,226.0,0.33161,4733.0,0.33279,226.0,0.33158,234.0,0.33282,226.0,0.33155,234.0,0.33285,226.0,0.33154,227.0,0.33288,226.0,0.33151,227.0,0.33291,226.0,0.3315,227.0,0.33294,226.0,0.33147,227.0,0.33297,226.0,0.33145,226.0,0.33299,1877.0,0.33142,226.0,0.333,226.0,0.33139,226.0,0.33302,4516.0,0.33138,226.0,0.33303,226.0,0.33135,226.0,0.33306,226.0,0.33133,225.0,0.33309,226.0
1756673128.135265,1756673127535,1756673127535,0.33193,113.0,0.33198,6188.0,0.33171,1884.0,0.33262,4270.0,0.3317,234.0,0.33263,346.0,0.33167,234.0,0.33264,226.0,0.33164,234.0,0.33267,19922.0,0.33161,4733.0,0.3327,226.0,0.33158,234.0,0.33273,226.0,0.33155,234.0,0.33276,226.0,0.33154,227.0,0.33279,226.0,0.33151,227.0,0.33282,226.0,0.3315,227.0,0.33285,226.0,0.33147,227.0,0.33288,226.0,0.33145,226.0,0.33291,226.0,0.33142,226.0,0.33294,226.0,0.3314,3992.0,0.33297,226.0,0.33139,226.0,0.33299,1877.0,0.33138,226.0,0.333,226.0,0.33135,226.0,0.33302,4516.0,0.33133,225.0,0.33303,226.0,0.3313,225.0,0.33306,226.0
1756673128.6007514,1756673128085,1756673128085,0.33193,113.0,0.33197,293.0,0.33173,113.0,0.33198,6188.0,0.33171,1884.0,0.3324,226.0,0.33167,234.0,0.33244,226.0,0.33164,234.0,0.33251,226.0,0.33161,4733.0,0.33254,226.0,0.33158,234.0,0.33257,226.0,0.33155,234.0,0.3326,4489.0,0.33154,227.0,0.33261,226.0,0.33151,227.0,0.33264,226.0,0.3315,227.0,0.33267,19922.0,0.33147,227.0,0.3327,226.0,0.33145,226.0,0.33273,226.0,0.33142,226.0,0.33276,226.0,0.3314,3992.0,0.33279,226.0,0.33139,226.0,0.33282,226.0,0.33138,226.0,0.33285,226.0,0.33135,226.0,0.33288,226.0,0.33133,225.0,0.33291,226.0,0.3313,225.0,0.33294,226.0
1756673129.2006838,1756673128662,1756673128662,0.33193,113.0,0.33197,293.0,0.33173,113.0,0.33198,6188.0,0.33171,1884.0,0.33254,226.0,0.33167,234.0,0.33257,226.0,0.33164,234.0,0.3326,4489.0,0.33161,4733.0,0.33261,226.0,0.33158,234.0,0.33264,226.0,0.33155,234.0,0.33267,19922.0,0.33154,227.0,0.3327,226.0,0.33151,227.0,0.33273,226.0,0.3315,227.0,0.33276,226.0,0.33147,227.0,0.33279,226.0,0.33145,226.0,0.33282,226.0,0.33142,226.0,0.33285,226.0,0.3314,3992.0,0.33288,226.0,0.33139,226.0,0.33291,226.0,0.33138,226.0,0.33294,226.0,0.33135,226.0,0.33297,226.0,0.33133,225.0,0.333,226.0,0.3313,225.0,0.33302,4516.0
1756673129.809007,1756673129211,1756673129211,0.33173,113.0,0.33197,293.0,0.33171,1884.0,0.33237,225.0,0.33167,234.0,0.3324,225.0,0.33164,234.0,0.33243,225.0,0.33161,4733.0,0.33247,225.0,0.33158,234.0,0.3325,225.0,0.33155,234.0,0.33254,226.0,0.33154,227.0,0.33257,226.0,0.33151,227.0,0.3326,4489.0,0.3315,227.0,0.33261,226.0,0.33147,227.0,0.33264,226.0,0.33145,226.0,0.33267,19922.0,0.33142,226.0,0.3327,226.0,0.3314,3992.0,0.33273,226.0,0.33139,226.0,0.33276,226.0,0.33138,226.0,0.33279,226.0,0.33135,226.0,0.33282,226.0,0.33133,225.0,0.33285,226.0,0.3313,225.0,0.33288,226.0,0.33127,4724.0,0.33291,226.0
1756673130.4257853,1756673129738,1756673129738,0.33181,112.0,0.33194,3321.0,0.33169,112.0,0.33236,346.0,0.33161,4499.0,0.3325,15172.0,0.33147,227.0,0.33251,225.0,0.33145,226.0,0.33254,226.0,0.33142,226.0,0.33257,14720.0,0.33139,226.0,0.33258,19696.0,0.33138,226.0,0.3326,4489.0,0.33135,4218.0,0.33261,226.0,0.33133,225.0,0.33264,226.0,0.3313,225.0,0.33267,19922.0,0.33127,4724.0,0.3327,226.0,0.33124,225.0,0.33271,5613.0,0.33121,225.0,0.33273,226.0,0.33119,225.0,0.33276,226.0,0.33118,225.0,0.33279,226.0,0.33115,225.0,0.33282,226.0,0.33112,225.0,0.33285,226.0,0.33109,225.0,0.33288,226.0,0.33106,225.0,0.33291,226.0
1756673130.846949,1756673130342,1756673130342,0.33169,112.0,0.33193,293.0,0.33161,4499.0,0.33194,3321.0,0.33152,1885.0,0.33231,225.0,0.33147,227.0,0.33243,225.0,0.33145,226.0,0.33246,225.0,0.33142,226.0,0.3325,15172.0,0.33139,226.0,0.33257,14494.0,0.33138,226.0,0.33258,19696.0,0.33135,4218.0,0.3326,4263.0,0.33133,225.0,0.33261,226.0,0.3313,225.0,0.33264,226.0,0.33127,4724.0,0.33267,19922.0,0.33124,225.0,0.3327,226.0,0.33121,225.0,0.33271,5613.0,0.33119,225.0,0.33273,226.0,0.33118,225.0,0.33276,226.0,0.33115,225.0,0.33279,226.0,0.33112,225.0,0.33282,226.0,0.33109,225.0,0.33285,226.0,0.33106,225.0,0.33288,226.0
1756673131.3785439,1756673130821,1756673130821,0.33169,112.0,0.33193,293.0,0.33161,4499.0,0.33194,3321.0,0.33157,112.0,0.33236,225.0,0.33152,1885.0,0.33239,225.0,0.33142,226.0,0.33243,225.0,0.33139,226.0,0.33246,225.0,0.33138,226.0,0.33248,225.0,0.33135,4218.0,0.3325,15172.0,0.33133,225.0,0.33251,225.0,0.3313,225.0,0.33254,225.0,0.33127,4724.0,0.33257,14719.0,0.33124,225.0,0.33258,19696.0,0.33121,225.0,0.3326,4263.0,0.33119,225.0,0.33261,226.0,0.33118,225.0,0.33264,226.0,0.33115,225.0,0.33267,19922.0,0.33112,225.0,0.33268,4521.0,0.33109,225.0,0.3327,226.0,0.33106,225.0,0.33271,5613.0,0.33103,225.0,0.33273,226.0
1756673131.9476805,1756673131339,1756673131339,0.33169,112.0,0.33193,293.0,0.33161,4499.0,0.33194,3321.0,0.33157,112.0,0.33246,225.0,0.33142,226.0,0.33248,225.0,0.33139,226.0,0.3325,15172.0,0.33138,226.0,0.33251,225.0,0.33135,4218.0,0.33254,225.0,0.33133,225.0,0.33257,14719.0,0.3313,225.0,0.33258,19921.0,0.33127,4724.0,0.3326,4263.0,0.33124,225.0,0.33261,226.0,0.33121,225.0,0.33264,226.0,0.33119,225.0,0.33267,19922.0,0.33118,225.0,0.33268,4521.0,0.33115,225.0,0.3327,226.0,0.33112,225.0,0.33271,5613.0,0.33109,225.0,0.33273,226.0,0.33106,225.0,0.33276,226.0,0.33103,225.0,0.33279,226.0,0.33102,225.0,0.33282,226.0
1756673132.4933312,1756673131895,1756673131895,0.33169,112.0,0.33193,293.0,0.33161,4499.0,0.33194,3321.0,0.33157,112.0,0.3325,15172.0,0.33142,226.0,0.33257,14494.0,0.33139,226.0,0.33258,19696.0,0.33138,226.0,0.3326,4263.0,0.33135,226.0,0.33267,19696.0,0.33133,225.0,0.33268,4521.0,0.3313,225.0,0.33271,5613.0,0.33127,4724.0,0.33279,226.0,0.33124,225.0,0.33282,226.0,0.33121,225.0,0.33285,226.0,0.33119,225.0,0.33288,226.0,0.33118,225.0,0.33291,226.0,0.33115,225.0,0.33294,226.0,0.33112,225.0,0.33297,226.0,0.33111,3992.0,0.333,226.0,0.33109,225.0,0.33302,4516.0,0.33106,225.0,0.33303,226.0,0.33103,225.0,0.33304,1253.0
1756673132.9741657,1756673132440,1756673132440,0.33169,112.0,0.33194,2792.0,0.33161,4499.0,0.3325,15172.0,0.33157,112.0,0.33257,14494.0,0.33142,226.0,0.33258,19696.0,0.33139,226.0,0.3326,4263.0,0.33138,226.0,0.33265,225.0,0.33135,226.0,0.33267,19696.0,0.33133,225.0,0.33268,4521.0,0.3313,225.0,0.33269,225.0,0.33127,4724.0,0.33271,5838.0,0.33124,225.0,0.33279,226.0,0.33121,225.0,0.33282,226.0,0.33119,225.0,0.33285,226.0,0.33118,225.0,0.33288,226.0,0.33115,225.0,0.33291,226.0,0.33112,225.0,0.33294,226.0,0.33111,3992.0,0.33297,226.0,0.33109,225.0,0.333,226.0,0.33106,225.0,0.33302,4516.0,0.33103,225.0,0.33303,226.0
1756673133.5950723,1756673133010,1756673133010,0.33169,8.0,0.3326,4263.0,0.33162,1885.0,0.33268,4521.0,0.33161,4499.0,0.333,226.0,0.33157,112.0,0.33302,4516.0,0.33142,226.0,0.33303,226.0,0.33139,226.0,0.33306,226.0,0.33138,226.0,0.33309,226.0,0.33135,226.0,0.33312,226.0,0.33133,225.0,0.33315,226.0,0.3313,225.0,0.33318,226.0,0.33127,4724.0,0.33319,1263.0,0.33124,225.0,0.3332,21535.0,0.33121,225.0,0.33321,226.0,0.33119,225.0,0.33324,226.0,0.33118,225.0,0.33325,12044.0,0.33115,225.0,0.33327,14720.0,0.33112,225.0,0.33328,19696.0,0.33109,1498.0,0.33329,226.0,0.33108,3992.0,0.33331,5613.0,0.33106,225.0,0.33332,226.0
1756673134.1336174,1756673133583,1756673133583,0.33169,8.0,0.3317,5591.0,0.33161,4499.0,0.33259,3455.0,0.33157,112.0,0.3326,4263.0,0.33142,226.0,0.33268,4521.0,0.33139,226.0,0.33297,225.0,0.33138,226.0,0.333,226.0,0.33135,226.0,0.33302,4516.0,0.33133,225.0,0.33303,226.0,0.3313,225.0,0.33306,226.0,0.33127,4724.0,0.33309,226.0,0.33124,225.0,0.33312,226.0,0.33121,225.0,0.33315,226.0,0.33119,225.0,0.33318,226.0,0.33118,225.0,0.33319,1263.0,0.33115,225.0,0.3332,21535.0,0.33112,225.0,0.33321,226.0,0.33109,1498.0,0.33324,226.0,0.33108,3992.0,0.33325,12044.0,0.33106,225.0,0.33327,14720.0,0.33103,225.0,0.33328,19696.0
1756673134.6937811,1756673134110,1756673134110,0.33099,713.0,0.3317,4203.0,0.33098,226.0,0.33268,4521.0,0.33096,2990.0,0.33292,4135.0,0.33095,226.0,0.33297,225.0,0.33094,4333.0,0.333,226.0,0.33091,226.0,0.33302,4516.0,0.33089,2170.0,0.33303,226.0,0.33088,226.0,0.33306,226.0,0.33087,226.0,0.33309,226.0,0.33084,226.0,0.33312,226.0,0.33081,226.0,0.33315,226.0,0.33078,226.0,0.33318,226.0,0.33076,226.0,0.33319,1263.0,0.33073,226.0,0.3332,21535.0,0.3307,226.0,0.33321,226.0,0.33069,226.0,0.33324,226.0,0.33066,226.0,0.33325,12044.0,0.33065,3974.0,0.33327,14720.0,0.33063,225.0,0.33328,19696.0,0.3306,225.0,0.33329,226.0
1756673135.2285218,1756673134655,1756673134655,0.331,1253.0,0.33169,3395.0,0.33089,2170.0,0.3317,4271.0,0.33073,226.0,0.33211,4527.0,0.3307,226.0,0.33268,4521.0,0.33069,226.0,0.33292,4135.0,0.33066,226.0,0.33297,225.0,0.33065,3974.0,0.333,226.0,0.33063,225.0,0.33302,4516.0,0.3306,225.0,0.33303,226.0,0.33057,225.0,0.33306,226.0,0.33054,225.0,0.33309,226.0,0.33051,225.0,0.33312,226.0,0.3305,2990.0,0.33315,226.0,0.33048,225.0,0.33318,226.0,0.33045,225.0,0.3332,21535.0,0.33042,225.0,0.33321,226.0,0.33041,225.0,0.33324,226.0,0.33038,225.0,0.33325,12044.0,0.33035,225.0,0.33327,14720.0,0.33032,225.0,0.33328,19696.0
1756673135.8006904,1756673135180,1756673135180,0.33136,2953.0,0.33168,68.0,0.33127,4262.0,0.33211,4527.0,0.331,3150.0,0.33268,4521.0,0.33099,226.0,0.33292,4361.0,0.3309,2990.0,0.33297,225.0,0.33089,2170.0,0.333,226.0,0.33066,121.0,0.33302,4516.0,0.33065,3974.0,0.33303,226.0,0.33063,225.0,0.33306,226.0,0.3306,225.0,0.33309,226.0,0.33059,5047.0,0.33312,226.0,0.33057,225.0,0.33315,226.0,0.33054,225.0,0.33318,226.0,0.33051,225.0,0.3332,21535.0,0.3305,2990.0,0.33321,226.0,0.33048,225.0,0.33324,226.0,0.33045,225.0,0.33325,12044.0,0.33042,225.0,0.33327,14720.0,0.33041,225.0,0.33328,19696.0,0.33038,225.0,0.33329,226.0
1756673136.2891748,1756673135725,1756673135725,0.33101,4079.0,0.3321,68.0,0.331,1262.0,0.33211,4527.0,0.3309,2990.0,0.33266,226.0,0.33089,2170.0,0.33268,4521.0,0.33075,226.0,0.33269,226.0,0.33072,226.0,0.33272,226.0,0.33069,226.0,0.33275,226.0,0.33066,226.0,0.3328,226.0,0.33063,225.0,0.33283,226.0,0.3306,225.0,0.33284,226.0,0.33059,5047.0,0.33287,226.0,0.33057,225.0,0.33292,4361.0,0.33054,225.0,0.33293,226.0,0.33051,225.0,0.33297,225.0,0.3305,2990.0,0.333,226.0,0.33048,225.0,0.33302,4516.0,0.33045,225.0,0.33303,226.0,0.33042,225.0,0.33306,226.0,0.33041,225.0,0.33309,226.0,0.33038,225.0,0.33312,226.0
1756673136.8411088,1756673136260,1756673136260,0.33101,7393.0,0.33209,3393.0,0.331,1138.0,0.3321,167.0,0.3309,2990.0,0.33266,1996.0,0.33089,2170.0,0.33268,4521.0,0.33075,226.0,0.33292,4361.0,0.33072,226.0,0.33293,226.0,0.33069,226.0,0.33294,225.0,0.33066,226.0,0.33297,225.0,0.33063,225.0,0.333,226.0,0.3306,225.0,0.33302,4516.0,0.33059,5047.0,0.33303,226.0,0.33057,225.0,0.33306,226.0,0.33054,225.0,0.33309,226.0,0.33051,225.0,0.33312,226.0,0.3305,2990.0,0.33315,226.0,0.33048,225.0,0.33318,226.0,0.33045,225.0,0.3332,21535.0,0.33042,225.0,0.33321,226.0,0.33041,4199.0,0.33324,226.0,0.33038,225.0,0.33325,12044.0
1756673137.421413,1756673136785,1756673136785,0.33102,89.0,0.33208,167.0,0.33101,3190.0,0.33209,3393.0,0.331,1138.0,0.33266,1996.0,0.3309,2990.0,0.33268,4521.0,0.33089,2170.0,0.33273,112.0,0.33075,226.0,0.33278,225.0,0.33072,226.0,0.33279,225.0,0.33069,226.0,0.33282,225.0,0.33066,226.0,0.33285,225.0,0.33063,225.0,0.33288,225.0,0.3306,225.0,0.33292,4361.0,0.33059,5047.0,0.33293,226.0,0.33057,225.0,0.33294,225.0,0.33054,225.0,0.33297,225.0,0.33051,225.0,0.333,226.0,0.3305,2990.0,0.33302,4516.0,0.33048,225.0,0.33303,226.0,0.33045,225.0,0.33306,226.0,0.33042,225.0,0.33309,226.0,0.33041,225.0,0.33312,226.0
1756673137.8186533,1756673137330,1756673137330,0.33102,1334.0,0.33208,167.0,0.33101,1888.0,0.33264,1996.0,0.331,1138.0,0.33266,2221.0,0.3309,2990.0,0.33268,4521.0,0.33089,2170.0,0.33269,225.0,0.33075,226.0,0.33285,225.0,0.33072,226.0,0.33288,225.0,0.33069,226.0,0.33289,225.0,0.33066,226.0,0.33292,226.0,0.33063,225.0,0.33293,226.0,0.3306,225.0,0.33297,225.0,0.33059,5047.0,0.333,226.0,0.33057,225.0,0.33302,4516.0,0.33054,225.0,0.33303,226.0,0.33051,225.0,0.33306,226.0,0.3305,2990.0,0.33309,226.0,0.33048,225.0,0.33312,226.0,0.33045,225.0,0.33315,226.0,0.33042,225.0,0.33318,226.0,0.33041,225.0,0.3332,21535.0
1756673138.3898659,1756673137843,1756673137843,0.33102,1334.0,0.33207,3393.0,0.33101,1888.0,0.3326,225.0,0.331,1138.0,0.33263,392.0,0.33091,2990.0,0.33264,1996.0,0.33089,2170.0,0.33266,2221.0,0.33075,226.0,0.33268,4521.0,0.33072,226.0,0.33269,225.0,0.33069,226.0,0.33272,225.0,0.33066,226.0,0.33275,225.0,0.33063,225.0,0.33278,225.0,0.3306,225.0,0.33281,225.0,0.33059,5047.0,0.33285,225.0,0.33057,225.0,0.33288,225.0,0.33054,225.0,0.33289,225.0,0.33051,225.0,0.33292,226.0,0.3305,2990.0,0.33293,226.0,0.33048,225.0,0.33297,225.0,0.33045,225.0,0.333,226.0,0.33042,225.0,0.33302,4516.0,0.33041,225.0,0.33303,226.0
1756673139.0207934,1756673138413,1756673138413,0.33102,1334.0,0.33206,7807.0,0.33101,1888.0,0.33258,112.0,0.331,1138.0,0.3326,225.0,0.33091,2990.0,0.33262,1996.0,0.33089,2170.0,0.33263,225.0,0.33075,226.0,0.33264,1996.0,0.33072,226.0,0.33266,225.0,0.33069,226.0,0.33268,4521.0,0.33066,226.0,0.33269,225.0,0.33063,225.0,0.33272,225.0,0.33062,4188.0,0.33275,225.0,0.3306,225.0,0.33278,225.0,0.33059,5047.0,0.33281,225.0,0.33057,225.0,0.33282,225.0,0.33054,225.0,0.33285,225.0,0.33051,225.0,0.33288,225.0,0.3305,2990.0,0.33289,225.0,0.33048,225.0,0.33292,226.0,0.33045,225.0,0.33293,226.0,0.33042,225.0,0.33294,225.0
1756673139.491246,1756673138949,1756673138949,0.33102,1334.0,0.33206,7807.0,0.33101,1888.0,0.3326,225.0,0.331,1138.0,0.33262,1996.0,0.33089,2170.0,0.33263,225.0,0.33075,226.0,0.33264,1996.0,0.33072,226.0,0.33266,225.0,0.33069,226.0,0.33268,4521.0,0.33066,226.0,0.33269,225.0,0.33063,225.0,0.33272,225.0,0.33062,4188.0,0.33275,225.0,0.3306,225.0,0.33278,225.0,0.33059,5047.0,0.33281,225.0,0.33057,225.0,0.33282,225.0,0.33054,225.0,0.33285,225.0,0.33051,225.0,0.33288,225.0,0.3305,3111.0,0.33289,225.0,0.33048,225.0,0.33292,226.0,0.33045,225.0,0.33293,226.0,0.33042,225.0,0.33294,225.0,0.33041,225.0,0.33297,225.0
1756673140.0469787,1756673139480,1756673139480,0.33102,934.0,0.33206,7807.0,0.33101,1888.0,0.33262,1996.0,0.331,1138.0,0.33263,225.0,0.33089,2170.0,0.33264,1996.0,0.33075,226.0,0.33266,225.0,0.33072,226.0,0.33268,4521.0,0.33069,226.0,0.33269,225.0,0.33066,226.0,0.33272,225.0,0.33063,225.0,0.33275,225.0,0.33062,4188.0,0.33278,225.0,0.3306,225.0,0.33281,225.0,0.33059,5047.0,0.33282,225.0,0.33057,225.0,0.33285,225.0,0.33054,225.0,0.33288,225.0,0.33051,225.0,0.33289,225.0,0.3305,3111.0,0.33292,226.0,0.33048,225.0,0.33293,226.0,0.33045,225.0,0.33294,225.0,0.33042,225.0,0.33297,225.0,0.33041,225.0,0.333,226.0
1756673140.7057555,1756673140030,1756673140030,0.33102,934.0,0.33206,7724.0,0.33101,1888.0,0.33259,112.0,0.331,1138.0,0.33263,225.0,0.33089,2170.0,0.33266,225.0,0.33075,226.0,0.33268,4521.0,0.33072,226.0,0.33269,225.0,0.33069,226.0,0.33272,225.0,0.33066,226.0,0.33275,225.0,0.33063,225.0,0.33278,225.0,0.33062,4188.0,0.33281,225.0,0.3306,225.0,0.33282,225.0,0.33059,5047.0,0.33285,225.0,0.33057,225.0,0.33288,225.0,0.33054,225.0,0.33289,225.0,0.33051,225.0,0.33292,226.0,0.3305,2990.0,0.33293,226.0,0.33048,225.0,0.33294,225.0,0.33045,225.0,0.33297,225.0,0.33042,225.0,0.333,226.0,0.33041,225.0,0.33302,4516.0
1756673141.126366,1756673140539,1756673140539,0.33103,301.0,0.33204,1996.0,0.33102,934.0,0.33206,3778.0,0.331,1138.0,0.33268,4521.0,0.33089,2170.0,0.33272,225.0,0.33075,226.0,0.33275,225.0,0.33072,226.0,0.33278,225.0,0.33069,226.0,0.33281,225.0,0.33066,226.0,0.33282,225.0,0.33063,225.0,0.33285,225.0,0.3306,225.0,0.33288,225.0,0.33059,5047.0,0.33289,225.0,0.33057,225.0,0.33292,226.0,0.33054,225.0,0.33293,226.0,0.33051,225.0,0.33297,225.0,0.3305,2990.0,0.333,226.0,0.33048,225.0,0.33302,4516.0,0.33045,225.0,0.33303,226.0,0.33042,225.0,0.33306,226.0,0.33041,225.0,0.33309,226.0,0.33038,225.0,0.33312,226.0
1756673141.623311,1756673141090,1756673141090,0.33103,301.0,0.33203,3778.0,0.331,1138.0,0.33241,4109.0,0.33089,2170.0,0.33253,224.0,0.33075,226.0,0.33255,112.0,0.33072,226.0,0.33256,224.0,0.33069,226.0,0.33263,224.0,0.33066,226.0,0.33266,2220.0,0.33063,225.0,0.33268,4745.0,0.3306,225.0,0.33272,225.0,0.33059,5047.0,0.33275,225.0,0.33057,225.0,0.33278,225.0,0.33056,4128.0,0.33281,225.0,0.33054,225.0,0.33282,225.0,0.33051,225.0,0.33285,225.0,0.3305,2990.0,0.33288,225.0,0.33048,225.0,0.33289,225.0,0.33045,225.0,0.33292,226.0,0.33042,225.0,0.33293,226.0,0.33041,225.0,0.33294,224.0,0.33038,225.0,0.33297,225.0
1756673142.2352357,1756673141612,1756673141612,0.33104,1230.0,0.33201,385.0,0.33101,2189.0,0.33202,2415.0,0.331,1138.0,0.33241,4109.0,0.33089,2170.0,0.33256,224.0,0.33075,226.0,0.33258,224.0,0.33072,226.0,0.3326,224.0,0.33069,226.0,0.33263,224.0,0.33066,226.0,0.33266,2220.0,0.33063,225.0,0.33268,4745.0,0.3306,225.0,0.33269,224.0,0.33059,5047.0,0.33272,225.0,0.33057,225.0,0.33275,225.0,0.33056,4128.0,0.33278,225.0,0.33054,225.0,0.33281,225.0,0.33051,225.0,0.33282,225.0,0.3305,2990.0,0.33285,225.0,0.33048,225.0,0.33288,225.0,0.33045,225.0,0.33289,225.0,0.33042,225.0,0.33292,226.0,0.33041,225.0,0.33293,226.0
1756673142.7289371,1756673142146,1756673142146,0.33105,117.0,0.332,3393.0,0.33104,1230.0,0.33201,286.0,0.33101,1888.0,0.33241,4109.0,0.331,1138.0,0.33247,111.0,0.33089,2170.0,0.33251,111.0,0.33075,226.0,0.33253,223.0,0.33072,226.0,0.33256,224.0,0.33069,226.0,0.33258,224.0,0.33066,226.0,0.3326,224.0,0.33063,225.0,0.33263,224.0,0.3306,225.0,0.33266,2220.0,0.33059,5047.0,0.33268,4745.0,0.33057,225.0,0.33269,224.0,0.33056,4128.0,0.33272,225.0,0.33054,225.0,0.33275,225.0,0.33051,225.0,0.33278,225.0,0.3305,2990.0,0.33281,225.0,0.33048,225.0,0.33282,225.0,0.33045,225.0,0.33285,225.0,0.33042,225.0,0.33288,225.0
1756673143.2085695,1756673142668,1756673142668,0.33105,117.0,0.33199,455.0,0.33101,1888.0,0.332,3393.0,0.331,1138.0,0.33239,1996.0,0.33089,2170.0,0.33241,4109.0,0.33075,226.0,0.33256,224.0,0.33072,226.0,0.33258,224.0,0.33069,226.0,0.3326,224.0,0.33066,226.0,0.33263,224.0,0.33063,225.0,0.33266,224.0,0.3306,225.0,0.33268,4745.0,0.33059,5047.0,0.33269,224.0,0.33057,225.0,0.33272,225.0,0.33056,4128.0,0.33275,225.0,0.33054,225.0,0.33278,225.0,0.33051,225.0,0.33281,225.0,0.3305,2990.0,0.33282,225.0,0.33048,225.0,0.33285,225.0,0.33045,225.0,0.33288,225.0,0.33042,225.0,0.33289,225.0,0.33041,225.0,0.33292,226.0
1756673143.8315744,1756673143274,1756673143274,0.33106,1260.0,0.33198,3848.0,0.33105,67.0,0.33239,1996.0,0.33101,1888.0,0.33241,4109.0,0.331,1138.0,0.33251,223.0,0.33089,2170.0,0.33253,223.0,0.33075,226.0,0.33256,224.0,0.33072,226.0,0.33258,224.0,0.33069,226.0,0.3326,224.0,0.33066,226.0,0.33263,224.0,0.33063,225.0,0.33266,224.0,0.3306,225.0,0.33268,4745.0,0.33059,5047.0,0.33269,224.0,0.33057,225.0,0.33272,225.0,0.33056,4128.0,0.33275,225.0,0.33054,225.0,0.33278,225.0,0.33051,225.0,0.33281,225.0,0.3305,2990.0,0.33282,225.0,0.33048,225.0,0.33285,225.0,0.33045,225.0,0.33288,225.0,0.33042,225.0,0.33289,225.0
1756673144.386188,1756673143787,1756673143787,0.33107,286.0,0.33197,455.0,0.33106,1260.0,0.33198,3393.0,0.331,1138.0,0.33239,1996.0,0.33089,2170.0,0.33241,4109.0,0.33075,226.0,0.33258,223.0,0.33072,226.0,0.33261,223.0,0.33069,226.0,0.33266,224.0,0.33066,226.0,0.33268,4745.0,0.33063,225.0,0.33269,224.0,0.33061,121.0,0.33272,225.0,0.3306,225.0,0.33275,225.0,0.33059,5047.0,0.33278,225.0,0.33057,225.0,0.33281,225.0,0.33056,4128.0,0.33282,225.0,0.33054,225.0,0.33285,225.0,0.33051,225.0,0.33288,225.0,0.3305,2990.0,0.33289,225.0,0.33048,225.0,0.33292,226.0,0.33045,225.0,0.33293,226.0,0.33042,225.0,0.33294,223.0
1756673144.9359238,1756673144347,1756673144347,0.33107,286.0,0.33196,2415.0,0.331,1138.0,0.33197,455.0,0.33089,2170.0,0.33239,1996.0,0.33075,226.0,0.33241,4109.0,0.33072,226.0,0.33261,223.0,0.33069,226.0,0.33263,223.0,0.33066,226.0,0.33266,224.0,0.33063,225.0,0.33268,4745.0,0.33061,121.0,0.33269,224.0,0.3306,225.0,0.33272,225.0,0.33059,5047.0,0.33275,225.0,0.33057,225.0,0.33278,225.0,0.33056,4128.0,0.33281,225.0,0.33054,225.0,0.33282,225.0,0.33051,225.0,0.33285,225.0,0.3305,2990.0,0.33288,225.0,0.33048,225.0,0.33289,225.0,0.33045,225.0,0.33292,226.0,0.33042,225.0,0.33293,226.0,0.33041,225.0,0.33294,223.0
1756673145.4923549,1756673144900,1756673144900,0.33108,1258.0,0.33194,3394.0,0.33107,1888.0,0.33195,455.0,0.33101,286.0,0.33239,1996.0,0.331,1138.0,0.33241,4109.0,0.3309,2990.0,0.33256,111.0,0.33089,2170.0,0.33257,334.0,0.33075,226.0,0.33261,223.0,0.33072,226.0,0.33263,223.0,0.33069,226.0,0.33266,224.0,0.33066,226.0,0.33268,4745.0,0.33063,225.0,0.33269,224.0,0.33061,121.0,0.33272,225.0,0.3306,225.0,0.33275,225.0,0.33059,5047.0,0.33278,225.0,0.33057,225.0,0.33281,225.0,0.33056,4128.0,0.33282,225.0,0.33054,225.0,0.33285,225.0,0.33051,225.0,0.33288,225.0,0.3305,2990.0,0.33289,225.0,0.33048,225.0,0.33292,226.0
1756673145.96629,1756673145412,1756673145412,0.33109,286.0,0.33193,455.0,0.33107,1888.0,0.33194,3394.0,0.331,1138.0,0.33239,1996.0,0.3309,2990.0,0.33241,4109.0,0.33089,2170.0,0.33253,222.0,0.33075,226.0,0.33257,223.0,0.33072,226.0,0.33258,222.0,0.33069,226.0,0.33261,223.0,0.33066,226.0,0.33263,223.0,0.33063,225.0,0.33266,224.0,0.3306,225.0,0.33268,4745.0,0.33059,5047.0,0.33269,224.0,0.33057,225.0,0.33272,225.0,0.33056,4128.0,0.33275,225.0,0.33054,225.0,0.33278,225.0,0.33051,225.0,0.33281,225.0,0.3305,2990.0,0.33282,225.0,0.33048,225.0,0.33285,225.0,0.33045,225.0,0.33288,225.0,0.33042,225.0,0.33289,225.0
1756673146.5532422,1756673145958,1756673145958,0.3311,1247.0,0.33191,455.0,0.33108,286.0,0.33192,3394.0,0.33107,1888.0,0.33234,4525.0,0.331,1138.0,0.33239,1996.0,0.3309,2990.0,0.33241,4109.0,0.33089,2170.0,0.33266,224.0,0.33075,226.0,0.33268,4745.0,0.33072,226.0,0.33269,224.0,0.33069,226.0,0.33272,225.0,0.33066,226.0,0.33275,225.0,0.33063,225.0,0.33278,225.0,0.3306,225.0,0.33281,225.0,0.33059,5047.0,0.33282,225.0,0.33057,225.0,0.33285,225.0,0.33056,4128.0,0.33288,225.0,0.33054,225.0,0.33289,225.0,0.33051,225.0,0.33292,226.0,0.3305,2990.0,0.33293,226.0,0.33048,225.0,0.33297,225.0,0.33045,225.0,0.333,226.0
1756673147.0986657,1756673146505,1756673146505,0.33111,286.0,0.33189,455.0,0.33107,1888.0,0.3319,3394.0,0.331,1138.0,0.33232,1996.0,0.3309,2990.0,0.33234,4525.0,0.33089,2170.0,0.33241,4109.0,0.33075,226.0,0.33258,222.0,0.33072,226.0,0.3326,222.0,0.33069,226.0,0.33263,222.0,0.33067,121.0,0.33266,224.0,0.33066,226.0,0.33268,4745.0,0.33063,225.0,0.33269,224.0,0.3306,225.0,0.33272,225.0,0.33059,5047.0,0.33275,225.0,0.33057,225.0,0.33278,225.0,0.33056,4128.0,0.33281,225.0,0.33054,225.0,0.33282,225.0,0.33051,225.0,0.33285,225.0,0.3305,2990.0,0.33288,225.0,0.33048,225.0,0.33289,225.0,0.33045,225.0,0.33292,226.0
1756673147.633726,1756673147043,1756673147043,0.33112,1239.0,0.33188,3394.0,0.33111,286.0,0.33189,455.0,0.331,1138.0,0.33232,1996.0,0.3309,2990.0,0.33234,4525.0,0.33089,2170.0,0.33241,4109.0,0.33075,226.0,0.33266,224.0,0.33072,226.0,0.33268,4745.0,0.33069,226.0,0.33269,224.0,0.33066,226.0,0.33272,225.0,0.33063,225.0,0.33275,225.0,0.3306,225.0,0.33278,225.0,0.33059,5047.0,0.33281,225.0,0.33057,225.0,0.33282,225.0,0.33056,4128.0,0.33285,225.0,0.33054,225.0,0.33288,225.0,0.33051,225.0,0.33289,225.0,0.3305,2990.0,0.33292,226.0,0.33048,225.0,0.33293,226.0,0.33045,225.0,0.33297,225.0,0.33042,225.0,0.333,226.0
1756673148.2608733,1756673147640,1756673147640,0.33112,1239.0,0.33187,455.0,0.33108,286.0,0.33188,3394.0,0.331,1138.0,0.33232,1996.0,0.3309,2990.0,0.33234,4525.0,0.33089,2170.0,0.33241,4109.0,0.33075,226.0,0.33255,111.0,0.33072,347.0,0.33256,222.0,0.33069,226.0,0.33258,222.0,0.33066,226.0,0.33262,222.0,0.33063,225.0,0.33263,222.0,0.3306,225.0,0.33266,224.0,0.33059,5047.0,0.33268,4745.0,0.33057,225.0,0.33269,224.0,0.33056,4128.0,0.33272,225.0,0.33054,225.0,0.33275,225.0,0.33051,225.0,0.33278,225.0,0.3305,2990.0,0.33281,225.0,0.33048,225.0,0.33282,225.0,0.33045,225.0,0.33285,225.0,0.33042,225.0,0.33288,225.0
1756673148.8097155,1756673148246,1756673148246,0.33113,286.0,0.33186,2415.0,0.33112,1239.0,0.33187,455.0,0.331,1138.0,0.33232,1996.0,0.3309,2990.0,0.33234,4525.0,0.33089,2170.0,0.33241,4109.0,0.33075,226.0,0.33252,111.0,0.33072,226.0,0.33253,222.0,0.33069,226.0,0.33256,222.0,0.33066,226.0,0.33258,222.0,0.33063,225.0,0.33259,222.0,0.3306,225.0,0.33262,222.0,0.33059,5047.0,0.33263,222.0,0.33057,225.0,0.33266,224.0,0.33056,4128.0,0.33268,4745.0,0.33054,225.0,0.33269,224.0,0.33051,225.0,0.33272,225.0,0.3305,2990.0,0.33275,225.0,0.33048,225.0,0.33278,225.0,0.33045,225.0,0.33281,225.0,0.33042,225.0,0.33282,225.0
1756673149.3875031,1756673148754,1756673148754,0.33114,1232.0,0.33184,3394.0,0.33113,2173.0,0.33185,455.0,0.331,1138.0,0.33232,1996.0,0.3309,2990.0,0.33234,4525.0,0.33089,2170.0,0.33241,4109.0,0.33075,226.0,0.33243,222.0,0.33072,4751.0,0.33246,222.0,0.33069,226.0,0.33253,222.0,0.33066,226.0,0.33256,222.0,0.33063,225.0,0.33258,222.0,0.3306,225.0,0.33259,222.0,0.33059,5047.0,0.33262,222.0,0.33057,225.0,0.33263,222.0,0.33056,4128.0,0.33266,224.0,0.33054,225.0,0.33268,4745.0,0.33051,225.0,0.33269,224.0,0.3305,2990.0,0.33272,225.0,0.33048,225.0,0.33275,225.0,0.33045,225.0,0.33278,225.0,0.33042,225.0,0.33281,225.0
1756673149.9785242,1756673149357,1756673149357,0.33115,286.0,0.33183,455.0,0.33114,1195.0,0.33184,3394.0,0.33113,1887.0,0.33232,1996.0,0.331,1138.0,0.33234,4525.0,0.3309,2990.0,0.33241,4109.0,0.33089,2170.0,0.33249,222.0,0.33075,226.0,0.33253,222.0,0.33072,4751.0,0.33256,222.0,0.33069,226.0,0.33258,222.0,0.33066,226.0,0.33259,222.0,0.33063,225.0,0.33262,222.0,0.3306,225.0,0.33263,222.0,0.33059,5047.0,0.33266,224.0,0.33057,225.0,0.33268,4745.0,0.33056,4128.0,0.33269,224.0,0.33054,225.0,0.33272,225.0,0.33051,225.0,0.33275,225.0,0.3305,2990.0,0.33278,225.0,0.33048,225.0,0.33281,225.0,0.33045,225.0,0.33282,225.0
1756673150.4741876,1756673149867,1756673149867,0.33115,286.0,0.33183,3849.0,0.33113,1887.0,0.33232,1996.0,0.331,1138.0,0.33234,4525.0,0.3309,2990.0,0.33241,4330.0,0.33089,2170.0,0.33258,222.0,0.33081,121.0,0.33259,222.0,0.33078,221.0,0.33262,222.0,0.33075,226.0,0.33263,222.0,0.33072,4751.0,0.33266,224.0,0.33069,226.0,0.33268,4745.0,0.33066,226.0,0.33269,224.0,0.33063,225.0,0.33272,225.0,0.3306,225.0,0.33275,225.0,0.33059,5047.0,0.33278,225.0,0.33057,225.0,0.33281,225.0,0.33056,4128.0,0.33282,225.0,0.33054,225.0,0.33285,225.0,0.33051,225.0,0.33288,225.0,0.3305,2990.0,0.33289,225.0,0.33048,225.0,0.33292,226.0
1756673151.3564622,1756673150744,1756673150744,0.33114,286.0,0.33183,3849.0,0.33113,1887.0,0.33232,1996.0,0.331,1138.0,0.33234,4525.0,0.3309,2990.0,0.33241,4109.0,0.33089,2170.0,0.3325,221.0,0.33078,221.0,0.33253,221.0,0.33075,226.0,0.33258,222.0,0.33072,4751.0,0.33259,222.0,0.33069,226.0,0.33262,222.0,0.33068,1273.0,0.33263,222.0,0.33066,226.0,0.33266,224.0,0.33063,225.0,0.33268,4745.0,0.3306,225.0,0.33269,224.0,0.33059,5047.0,0.33272,225.0,0.33057,225.0,0.33275,225.0,0.33056,4128.0,0.33278,225.0,0.33054,225.0,0.33281,225.0,0.33051,225.0,0.33282,225.0,0.3305,2990.0,0.33285,225.0,0.33048,225.0,0.33288,225.0
1756673151.4999466,1756673150917,1756673150917,0.33132,2990.0,0.33183,3849.0,0.33114,286.0,0.33232,1996.0,0.331,1138.0,0.33234,4525.0,0.3309,2990.0,0.33241,4109.0,0.33089,2170.0,0.33258,222.0,0.33078,221.0,0.33263,222.0,0.33075,226.0,0.33268,4521.0,0.33072,4751.0,0.33272,225.0,0.33069,226.0,0.33275,225.0,0.33066,226.0,0.33278,225.0,0.33063,225.0,0.33281,225.0,0.3306,225.0,0.33282,225.0,0.33059,5047.0,0.33285,225.0,0.33057,225.0,0.33288,225.0,0.33056,4128.0,0.33289,225.0,0.33054,225.0,0.33292,226.0,0.33051,225.0,0.33293,226.0,0.3305,2990.0,0.33294,221.0,0.33048,225.0,0.33297,225.0,0.33045,225.0,0.333,226.0
1756673152.0354695,1756673151466,1756673151466,0.33132,2912.0,0.33183,3849.0,0.33116,189.0,0.33232,1996.0,0.331,1138.0,0.33234,4525.0,0.33095,221.0,0.33268,4521.0,0.33092,221.0,0.33288,225.0,0.3309,2990.0,0.33289,225.0,0.33089,2391.0,0.33292,226.0,0.33086,221.0,0.33293,226.0,0.33083,221.0,0.33297,225.0,0.33078,221.0,0.333,226.0,0.33075,226.0,0.33302,4516.0,0.33072,4751.0,0.33303,226.0,0.33069,226.0,0.33306,226.0,0.33066,226.0,0.33309,226.0,0.33063,225.0,0.33312,226.0,0.3306,225.0,0.33314,4696.0,0.33059,5047.0,0.33315,226.0,0.33057,225.0,0.33318,226.0,0.33054,225.0,0.3332,15172.0,0.33051,225.0,0.33321,226.0
1756673152.7286098,1756673152025,1756673152025,0.331,138.0,0.33183,2869.0,0.3309,2990.0,0.33234,4525.0,0.33089,2391.0,0.33265,220.0,0.33086,221.0,0.33267,110.0,0.33083,221.0,0.33268,4742.0,0.33081,220.0,0.33271,221.0,0.33078,221.0,0.33274,221.0,0.33075,226.0,0.33277,221.0,0.33072,4751.0,0.3328,221.0,0.33069,226.0,0.33282,4201.0,0.33066,226.0,0.33283,221.0,0.33063,225.0,0.33285,220.0,0.3306,225.0,0.33288,225.0,0.33059,5047.0,0.33289,225.0,0.33057,225.0,0.33292,226.0,0.33054,225.0,0.33293,226.0,0.33051,225.0,0.33297,225.0,0.3305,2990.0,0.333,2222.0,0.33048,225.0,0.33302,4516.0,0.33045,225.0,0.33303,226.0
1756673153.1583798,1756673152565,1756673152565,0.33134,1886.0,0.33182,276.0,0.33087,4172.0,0.33183,2869.0,0.33085,1266.0,0.33234,4525.0,0.33072,3508.0,0.3325,110.0,0.33069,226.0,0.33252,110.0,0.33066,226.0,0.33253,330.0,0.33063,225.0,0.33256,220.0,0.3306,225.0,0.33259,220.0,0.33059,5047.0,0.3326,220.0,0.33057,225.0,0.33267,110.0,0.33054,225.0,0.33268,4742.0,0.33051,225.0,0.33271,221.0,0.3305,2990.0,0.33274,221.0,0.33048,225.0,0.33277,221.0,0.33045,225.0,0.3328,221.0,0.33042,225.0,0.33282,4201.0,0.33041,225.0,0.33283,221.0,0.33038,4750.0,0.33285,220.0,0.33035,225.0,0.33288,225.0,0.33032,225.0,0.33289,225.0
1756673153.646615,1756673153086,1756673153086,0.33112,381.0,0.33181,3093.0,0.33111,2990.0,0.33234,4525.0,0.33108,121.0,0.33253,220.0,0.33087,4172.0,0.33259,220.0,0.33079,220.0,0.33262,220.0,0.33076,220.0,0.33265,220.0,0.33073,220.0,0.33266,1996.0,0.33071,220.0,0.33268,4742.0,0.33068,1466.0,0.33271,221.0,0.33059,5047.0,0.33274,221.0,0.3305,2990.0,0.33277,221.0,0.33049,220.0,0.3328,221.0,0.33045,225.0,0.33282,4201.0,0.33042,225.0,0.33283,221.0,0.33041,225.0,0.33285,220.0,0.33038,4750.0,0.33288,225.0,0.33035,225.0,0.33289,225.0,0.33032,225.0,0.33292,226.0,0.33029,225.0,0.33293,226.0,0.33026,225.0,0.33297,225.0
1756673154.0753365,1756673153620,1756673153620,0.33112,3539.0,0.33179,3394.0,0.33111,2990.0,0.3318,472.0,0.33087,4172.0,0.33234,4525.0,0.33079,220.0,0.33259,220.0,0.33076,220.0,0.33262,220.0,0.33073,220.0,0.33265,220.0,0.33071,220.0,0.33266,1996.0,0.33068,1466.0,0.33268,4742.0,0.33065,220.0,0.33271,221.0,0.33062,220.0,0.33274,221.0,0.33059,5267.0,0.33277,221.0,0.33056,220.0,0.3328,221.0,0.33052,220.0,0.33282,4201.0,0.3305,2990.0,0.33283,221.0,0.33049,220.0,0.33285,220.0,0.33048,220.0,0.33288,225.0,0.33045,225.0,0.33289,225.0,0.33042,225.0,0.33292,226.0,0.33041,225.0,0.33293,226.0,0.33038,4750.0,0.33297,225.0
1756673154.7524931,1756673154171,1756673154171,0.33113,4139.0,0.33178,472.0,0.33112,3539.0,0.33234,4525.0,0.33111,2990.0,0.33259,330.0,0.33079,220.0,0.33262,220.0,0.33076,220.0,0.33265,220.0,0.33073,220.0,0.33266,1996.0,0.33071,220.0,0.33268,4742.0,0.33068,1466.0,0.33271,221.0,0.33065,220.0,0.33274,221.0,0.33062,220.0,0.33277,221.0,0.33059,5267.0,0.3328,221.0,0.33056,220.0,0.33282,4201.0,0.33052,220.0,0.33283,221.0,0.3305,2990.0,0.33285,220.0,0.33049,220.0,0.33288,225.0,0.33048,220.0,0.33289,225.0,0.33045,225.0,0.33292,226.0,0.33042,225.0,0.33293,226.0,0.33041,225.0,0.33297,225.0,0.33038,4750.0,0.333,226.0
1756673155.2747815,1756673154695,1756673154695,0.33114,381.0,0.33177,3394.0,0.33113,4139.0,0.33232,1996.0,0.33112,1888.0,0.33233,472.0,0.33111,2990.0,0.33234,4525.0,0.33079,220.0,0.33259,220.0,0.33076,220.0,0.33262,220.0,0.33073,220.0,0.33265,220.0,0.33072,4526.0,0.33268,4742.0,0.33071,220.0,0.33271,221.0,0.33068,1466.0,0.33274,221.0,0.33065,220.0,0.33277,221.0,0.33062,220.0,0.3328,221.0,0.33059,5267.0,0.33282,4201.0,0.33056,220.0,0.33283,221.0,0.33055,220.0,0.33285,220.0,0.33052,220.0,0.33288,225.0,0.3305,2990.0,0.33289,225.0,0.33049,220.0,0.33292,226.0,0.33048,220.0,0.33293,226.0,0.33045,225.0,0.33297,225.0
1756673155.7941725,1756673155243,1756673155243,0.33115,4147.0,0.33176,472.0,0.33114,1628.0,0.33232,1996.0,0.33112,1888.0,0.33234,4525.0,0.33111,2990.0,0.33262,220.0,0.33079,220.0,0.33268,4742.0,0.33076,220.0,0.33271,221.0,0.33073,220.0,0.33274,221.0,0.33072,4526.0,0.33277,221.0,0.33071,220.0,0.3328,221.0,0.33068,1466.0,0.33282,4201.0,0.33065,220.0,0.33283,221.0,0.33062,220.0,0.33285,220.0,0.33059,5267.0,0.33288,225.0,0.33056,220.0,0.33289,225.0,0.33055,220.0,0.33292,226.0,0.33052,220.0,0.33293,226.0,0.3305,2990.0,0.33297,225.0,0.33049,220.0,0.333,226.0,0.33048,220.0,0.33302,4516.0,0.33045,225.0,0.33303,226.0
1756673156.277726,1756673155766,1756673155766,0.33153,2990.0,0.33175,3394.0,0.33116,600.0,0.33231,472.0,0.33115,4147.0,0.33232,1996.0,0.33111,2990.0,0.33234,4525.0,0.3311,219.0,0.33268,4521.0,0.33083,121.0,0.33282,4201.0,0.33079,220.0,0.33288,225.0,0.33076,220.0,0.33289,225.0,0.33073,220.0,0.33292,226.0,0.33072,4526.0,0.33293,226.0,0.33071,220.0,0.33297,225.0,0.33068,1466.0,0.333,226.0,0.33065,220.0,0.33302,4516.0,0.33062,220.0,0.33303,226.0,0.33059,5267.0,0.33306,226.0,0.33056,220.0,0.33309,226.0,0.33055,220.0,0.33312,226.0,0.33052,220.0,0.33314,4696.0,0.3305,2990.0,0.33315,226.0,0.33049,220.0,0.33318,226.0
1756673156.8528347,1756673156306,1756673156306,0.33155,2266.0,0.33229,3389.0,0.33154,1257.0,0.33232,1779.0,0.33116,219.0,0.33234,4525.0,0.33115,4147.0,0.33268,4521.0,0.33113,219.0,0.33282,4201.0,0.33112,4519.0,0.33285,219.0,0.33111,2990.0,0.33288,225.0,0.3311,219.0,0.33289,225.0,0.33107,219.0,0.33292,226.0,0.33104,219.0,0.33293,226.0,0.33101,219.0,0.33297,225.0,0.33098,219.0,0.333,226.0,0.33095,219.0,0.33302,4516.0,0.33092,219.0,0.33303,226.0,0.33089,219.0,0.33306,226.0,0.33086,219.0,0.33309,226.0,0.33083,219.0,0.33312,226.0,0.33079,220.0,0.33314,4696.0,0.33076,220.0,0.33315,226.0,0.33073,220.0,0.33318,226.0
1756673157.6542397,1756673156908,1756673156908,0.33157,381.0,0.33229,3389.0,0.33156,1265.0,0.33234,4525.0,0.33119,219.0,0.33266,1996.0,0.33116,219.0,0.33268,4521.0,0.33113,219.0,0.33282,4201.0,0.33112,4519.0,0.33296,219.0,0.33111,2990.0,0.33302,4516.0,0.3311,219.0,0.33303,226.0,0.33107,219.0,0.33306,226.0,0.33104,219.0,0.33309,226.0,0.33101,219.0,0.33312,226.0,0.33098,219.0,0.33314,4696.0,0.33095,219.0,0.33315,226.0,0.33092,219.0,0.33318,226.0,0.33089,219.0,0.3332,15172.0,0.33086,219.0,0.33321,226.0,0.33083,219.0,0.33324,226.0,0.33082,219.0,0.33327,14720.0,0.33079,220.0,0.33328,19696.0,0.33076,220.0,0.33329,226.0
1756673157.951723,1756673157397,1756673157397,0.33156,1769.0,0.33228,3893.0,0.33119,219.0,0.33234,4525.0,0.33116,219.0,0.33266,1996.0,0.33113,219.0,0.33268,4521.0,0.33112,4519.0,0.33281,328.0,0.33111,2990.0,0.33282,4201.0,0.3311,219.0,0.33284,219.0,0.33107,219.0,0.33287,219.0,0.33104,219.0,0.3329,219.0,0.33101,219.0,0.33293,219.0,0.33098,219.0,0.33296,219.0,0.33095,219.0,0.33299,219.0,0.33092,219.0,0.33302,4516.0,0.33089,219.0,0.33303,226.0,0.33086,219.0,0.33306,226.0,0.33083,219.0,0.33309,226.0,0.33082,219.0,0.33312,226.0,0.33079,220.0,0.33314,4696.0,0.33076,220.0,0.33315,226.0,0.33073,220.0,0.33318,226.0
1756673158.4170067,1756673157911,1756673157911,0.33159,1885.0,0.33226,1779.0,0.33157,504.0,0.33228,2916.0,0.33119,219.0,0.33234,4525.0,0.33116,219.0,0.33268,4521.0,0.33113,219.0,0.33282,4201.0,0.33112,4519.0,0.33299,219.0,0.33111,7245.0,0.33302,4516.0,0.3311,219.0,0.33303,226.0,0.33107,219.0,0.33306,226.0,0.33104,219.0,0.33309,226.0,0.33101,219.0,0.33312,226.0,0.33098,219.0,0.33314,4696.0,0.33095,219.0,0.33315,226.0,0.33092,219.0,0.33318,226.0,0.33089,219.0,0.3332,15172.0,0.33086,219.0,0.33321,226.0,0.33083,219.0,0.33324,226.0,0.33082,219.0,0.33327,14720.0,0.33079,220.0,0.33328,19696.0,0.33076,220.0,0.33329,226.0
1756673159.0369582,1756673158413,1756673158413,0.3316,1234.0,0.33225,3389.0,0.33159,2352.0,0.33226,1779.0,0.33122,219.0,0.33234,4525.0,0.33119,219.0,0.33268,4521.0,0.33116,219.0,0.33282,4201.0,0.33115,217.0,0.33284,219.0,0.33113,219.0,0.33287,219.0,0.33112,4519.0,0.3329,219.0,0.33111,7245.0,0.33293,219.0,0.3311,219.0,0.33296,219.0,0.33107,219.0,0.33299,219.0,0.33104,219.0,0.33302,4516.0,0.33101,219.0,0.33303,226.0,0.33098,219.0,0.33306,226.0,0.33095,219.0,0.33309,226.0,0.33092,219.0,0.33312,226.0,0.33089,219.0,0.33314,4696.0,0.33086,219.0,0.33315,226.0,0.33083,219.0,0.33318,226.0,0.33082,219.0,0.3332,15172.0
1756673159.488572,1756673158942,1756673158942,0.33161,504.0,0.33225,3389.0,0.33159,1848.0,0.33226,1779.0,0.33122,219.0,0.33234,4525.0,0.33119,219.0,0.33268,4521.0,0.33116,219.0,0.33282,4201.0,0.33115,217.0,0.33284,109.0,0.33113,219.0,0.33285,109.0,0.33112,4519.0,0.33289,218.0,0.33111,7245.0,0.33299,219.0,0.3311,219.0,0.33302,4516.0,0.33107,219.0,0.33303,226.0,0.33104,219.0,0.33306,226.0,0.33101,219.0,0.33309,226.0,0.33098,219.0,0.33312,226.0,0.33095,219.0,0.33314,4696.0,0.33092,219.0,0.33315,226.0,0.33089,219.0,0.33318,226.0,0.33086,219.0,0.3332,15172.0,0.33083,219.0,0.33321,226.0,0.33082,219.0,0.33324,226.0
1756673160.0425642,1756673159471,1756673159471,0.33162,1236.0,0.33225,3389.0,0.3316,504.0,0.33226,1779.0,0.33159,1848.0,0.33234,4525.0,0.33122,219.0,0.33268,4521.0,0.33119,219.0,0.33282,4201.0,0.33116,219.0,0.33292,218.0,0.33115,434.0,0.33295,218.0,0.33113,219.0,0.33299,219.0,0.33112,4519.0,0.33302,4516.0,0.33111,7245.0,0.33303,226.0,0.3311,219.0,0.33306,226.0,0.33107,219.0,0.33309,226.0,0.33104,219.0,0.33312,226.0,0.33101,219.0,0.33314,4696.0,0.33098,219.0,0.33315,226.0,0.33095,219.0,0.33318,226.0,0.33092,219.0,0.3332,15172.0,0.33089,219.0,0.33321,226.0,0.33086,219.0,0.33324,226.0,0.33083,219.0,0.33327,14720.0
1756673160.6195223,1756673160001,1756673160001,0.33163,504.0,0.33224,3389.0,0.33159,1848.0,0.33234,4525.0,0.33125,218.0,0.33266,1779.0,0.33122,219.0,0.33268,4521.0,0.33119,219.0,0.33274,218.0,0.33116,219.0,0.33275,109.0,0.33115,434.0,0.33277,218.0,0.33113,219.0,0.33282,4201.0,0.33112,4519.0,0.33283,327.0,0.33111,7245.0,0.33286,218.0,0.3311,219.0,0.33292,218.0,0.33107,219.0,0.33295,218.0,0.33104,219.0,0.33299,219.0,0.33101,219.0,0.33302,4516.0,0.33098,219.0,0.33303,226.0,0.33095,219.0,0.33306,226.0,0.33092,219.0,0.33309,226.0,0.33089,219.0,0.33312,226.0,0.33086,219.0,0.33314,4696.0,0.33083,219.0,0.33315,226.0
1756673161.0565748,1756673160509,1756673160509,0.33163,504.0,0.33223,3389.0,0.33159,1848.0,0.33234,4525.0,0.33125,218.0,0.33266,1779.0,0.33122,219.0,0.33268,4521.0,0.33119,219.0,0.33282,4201.0,0.33116,219.0,0.33283,218.0,0.33115,434.0,0.33286,218.0,0.33113,219.0,0.33288,218.0,0.33112,4519.0,0.33292,218.0,0.33111,7245.0,0.33295,218.0,0.3311,219.0,0.33296,218.0,0.33107,219.0,0.33299,219.0,0.33104,219.0,0.333,218.0,0.33101,219.0,0.33302,4516.0,0.33098,219.0,0.33303,226.0,0.33095,219.0,0.33306,226.0,0.33092,219.0,0.33309,226.0,0.33089,219.0,0.33312,226.0,0.33086,219.0,0.33314,4696.0,0.33083,219.0,0.33315,226.0
1756673161.6542497,1756673161031,1756673161031,0.33164,1265.0,0.33223,3389.0,0.3316,504.0,0.33266,1779.0,0.33159,1848.0,0.33268,4521.0,0.33125,218.0,0.33282,4201.0,0.33122,219.0,0.33293,218.0,0.33119,219.0,0.33296,218.0,0.33116,219.0,0.33299,219.0,0.33115,434.0,0.333,218.0,0.33113,219.0,0.33302,4516.0,0.33112,4519.0,0.33303,226.0,0.33111,7245.0,0.33306,226.0,0.3311,219.0,0.33309,226.0,0.33107,219.0,0.33312,226.0,0.33104,219.0,0.33315,226.0,0.33101,219.0,0.33318,226.0,0.33098,219.0,0.3332,15172.0,0.33095,219.0,0.33321,226.0,0.33092,219.0,0.33324,226.0,0.33089,219.0,0.33327,14720.0,0.33086,219.0,0.33328,19696.0
1756673162.1332924,1756673161578,1756673161578,0.33165,504.0,0.33222,3389.0,0.33164,1265.0,0.33266,1779.0,0.33159,1848.0,0.33268,4521.0,0.33135,121.0,0.33282,4201.0,0.33128,218.0,0.33293,218.0,0.33125,218.0,0.33296,218.0,0.33122,219.0,0.33299,219.0,0.33119,219.0,0.333,218.0,0.33116,219.0,0.33302,4516.0,0.33115,217.0,0.33303,226.0,0.33113,219.0,0.33306,226.0,0.33112,4519.0,0.33309,226.0,0.33111,7245.0,0.33312,226.0,0.3311,219.0,0.33315,226.0,0.33107,219.0,0.33318,226.0,0.33104,219.0,0.3332,15172.0,0.33101,219.0,0.33321,226.0,0.33098,219.0,0.33324,226.0,0.33095,219.0,0.33327,14720.0,0.33092,219.0,0.33328,19696.0
1756673162.6529722,1756673162144,1756673162144,0.33166,1281.0,0.33222,3389.0,0.33165,504.0,0.33266,1779.0,0.33128,218.0,0.33268,4521.0,0.33125,218.0,0.33282,4201.0,0.33122,219.0,0.33294,109.0,0.33119,219.0,0.33295,218.0,0.33116,219.0,0.333,218.0,0.33113,219.0,0.33302,4516.0,0.33112,4519.0,0.33303,226.0,0.33111,7245.0,0.33306,226.0,0.3311,219.0,0.33309,226.0,0.33107,219.0,0.33312,226.0,0.33104,219.0,0.33315,226.0,0.33101,219.0,0.33318,226.0,0.33098,219.0,0.33321,226.0,0.33095,219.0,0.33324,226.0,0.33092,219.0,0.33327,14720.0,0.33089,219.0,0.33328,19696.0,0.33086,219.0,0.33329,226.0,0.33083,219.0,0.33332,226.0
1756673163.2860425,1756673162699,1756673162699,0.33167,504.0,0.33221,3389.0,0.33166,1281.0,0.33266,936.0,0.33128,218.0,0.33268,4521.0,0.33125,218.0,0.33282,4201.0,0.33122,1486.0,0.333,218.0,0.33119,219.0,0.33302,4516.0,0.33116,219.0,0.33303,226.0,0.33115,217.0,0.33306,226.0,0.33113,219.0,0.33309,226.0,0.33112,4519.0,0.33312,226.0,0.33111,7245.0,0.33315,226.0,0.3311,219.0,0.33318,226.0,0.33107,219.0,0.33321,226.0,0.33104,219.0,0.33324,226.0,0.33101,219.0,0.33327,14720.0,0.33098,219.0,0.33328,19696.0,0.33095,219.0,0.33329,226.0,0.33092,219.0,0.33332,226.0,0.33089,219.0,0.33335,226.0,0.33086,219.0,0.33338,226.0
1756673163.8355625,1756673163202,1756673163202,0.33167,2284.0,0.33266,936.0,0.33166,1281.0,0.33268,4521.0,0.33128,218.0,0.33302,4516.0,0.33125,218.0,0.33309,226.0,0.33122,1486.0,0.33312,226.0,0.33119,219.0,0.33315,226.0,0.33116,219.0,0.33318,226.0,0.33115,434.0,0.33321,226.0,0.33113,219.0,0.33324,226.0,0.33112,4519.0,0.33327,226.0,0.33111,2990.0,0.33329,226.0,0.3311,219.0,0.33332,226.0,0.33107,219.0,0.33335,226.0,0.33104,219.0,0.33338,226.0,0.33101,219.0,0.33339,225.0,0.33098,219.0,0.33343,219.0,0.33095,219.0,0.33345,1228.0,0.33092,219.0,0.33346,219.0,0.33089,219.0,0.33347,24205.0,0.33086,219.0,0.33349,219.0
1756673164.5389478,1756673163814,1756673163814,0.33172,2990.0,0.33265,3521.0,0.33168,5473.0,0.33266,1177.0,0.33167,534.0,0.33268,4521.0,0.33128,218.0,0.33302,4516.0,0.33125,218.0,0.33332,4136.0,0.33122,1486.0,0.33343,219.0,0.33119,219.0,0.33346,219.0,0.33116,219.0,0.33347,4509.0,0.33115,434.0,0.33349,219.0,0.33113,219.0,0.33351,218.0,0.33112,4519.0,0.33354,218.0,0.33111,2990.0,0.33357,218.0,0.3311,219.0,0.3336,218.0,0.33107,219.0,0.33363,218.0,0.33104,219.0,0.33366,218.0,0.33101,219.0,0.33369,218.0,0.33098,219.0,0.33372,218.0,0.33095,219.0,0.33374,218.0,0.33092,219.0,0.33377,218.0,0.33089,219.0,0.3338,218.0
1756673164.9286602,1756673164325,1756673164325,0.33172,2990.0,0.33264,3387.0,0.33168,534.0,0.33266,936.0,0.33135,217.0,0.33268,4521.0,0.33132,217.0,0.33302,4516.0,0.33131,3919.0,0.33326,325.0,0.33128,218.0,0.33332,4136.0,0.33126,4919.0,0.33343,219.0,0.33125,218.0,0.33346,219.0,0.33124,217.0,0.33347,4509.0,0.33122,1486.0,0.33349,219.0,0.33119,219.0,0.33351,218.0,0.33116,219.0,0.33354,218.0,0.33115,434.0,0.33357,218.0,0.33113,219.0,0.3336,218.0,0.33112,4519.0,0.33363,218.0,0.33111,2990.0,0.33366,218.0,0.3311,219.0,0.33369,218.0,0.33107,219.0,0.33372,218.0,0.33104,219.0,0.33374,218.0,0.33101,219.0,0.33377,218.0
1756673165.404932,1756673164866,1756673164866,0.3322,2990.0,0.33263,2315.0,0.33173,5947.0,0.33268,4521.0,0.33172,2990.0,0.33302,4516.0,0.33135,217.0,0.33331,217.0,0.33132,217.0,0.33332,4136.0,0.33131,3919.0,0.33334,217.0,0.33128,218.0,0.33337,217.0,0.33126,4919.0,0.3334,217.0,0.33125,218.0,0.33343,219.0,0.33124,217.0,0.33346,219.0,0.33122,1486.0,0.33347,4509.0,0.33119,219.0,0.33349,219.0,0.33116,219.0,0.33351,218.0,0.33115,434.0,0.33354,218.0,0.33113,219.0,0.33357,218.0,0.33112,4519.0,0.3336,218.0,0.33111,2990.0,0.33363,218.0,0.3311,219.0,0.33366,218.0,0.33107,219.0,0.33369,218.0,0.33104,219.0,0.33372,218.0
1756673165.9816637,1756673165413,1756673165413,0.33221,534.0,0.33263,2315.0,0.33183,217.0,0.33268,4521.0,0.3318,217.0,0.33302,4516.0,0.33177,217.0,0.33318,217.0,0.33174,217.0,0.33321,217.0,0.33173,5413.0,0.33324,217.0,0.33172,2990.0,0.33327,217.0,0.33171,217.0,0.33331,217.0,0.33168,217.0,0.33332,4136.0,0.33165,217.0,0.33334,217.0,0.33162,217.0,0.33337,217.0,0.33159,217.0,0.3334,217.0,0.33156,217.0,0.33343,219.0,0.33153,217.0,0.33346,219.0,0.3315,217.0,0.33347,4509.0,0.33147,217.0,0.33349,219.0,0.33135,217.0,0.33351,218.0,0.33132,217.0,0.33354,218.0,0.33131,3919.0,0.33357,218.0,0.33128,218.0,0.3336,218.0
1756673166.5387018,1756673165953,1756673165953,0.33184,534.0,0.33268,4521.0,0.33183,217.0,0.33302,4516.0,0.33175,217.0,0.33324,217.0,0.33172,3207.0,0.33327,217.0,0.33169,217.0,0.33328,217.0,0.33166,217.0,0.33331,217.0,0.33163,217.0,0.33332,4136.0,0.3316,217.0,0.33334,217.0,0.33159,4272.0,0.33337,217.0,0.33158,1249.0,0.3334,217.0,0.33156,217.0,0.33343,219.0,0.33153,217.0,0.33346,219.0,0.3315,217.0,0.33347,4509.0,0.33147,217.0,0.33349,219.0,0.33146,4512.0,0.33351,218.0,0.33144,217.0,0.33354,218.0,0.33143,217.0,0.33357,218.0,0.3314,217.0,0.3336,218.0,0.33139,217.0,0.33363,218.0,0.33135,217.0,0.33366,218.0
1756673167.0274372,1756673166483,1756673166483,0.33214,3340.0,0.33267,3384.0,0.33185,1883.0,0.33302,4516.0,0.33172,2990.0,0.33327,217.0,0.33156,217.0,0.33328,217.0,0.33153,217.0,0.3333,936.0,0.3315,217.0,0.33331,217.0,0.33147,217.0,0.33332,4136.0,0.33146,4512.0,0.33334,217.0,0.33144,217.0,0.33337,217.0,0.33143,217.0,0.3334,217.0,0.3314,217.0,0.33343,219.0,0.33139,217.0,0.33346,219.0,0.33135,217.0,0.33347,4509.0,0.33132,217.0,0.33349,219.0,0.33131,4136.0,0.33351,218.0,0.33128,218.0,0.33354,218.0,0.33126,4919.0,0.33357,218.0,0.33125,218.0,0.3336,218.0,0.33124,217.0,0.33363,218.0,0.33122,1486.0,0.33366,218.0
1756673167.7027445,1756673167085,1756673167085,0.33214,3340.0,0.33267,3625.0,0.33187,121.0,0.33302,4516.0,0.33176,1277.0,0.3332,108.0,0.33173,217.0,0.33321,108.0,0.33172,2990.0,0.33322,216.0,0.3317,217.0,0.33327,217.0,0.33167,217.0,0.33328,217.0,0.33165,1452.0,0.3333,936.0,0.33162,217.0,0.33331,217.0,0.33161,4142.0,0.33332,4136.0,0.33159,217.0,0.33334,217.0,0.33156,217.0,0.33337,217.0,0.33153,217.0,0.3334,217.0,0.3315,217.0,0.33343,219.0,0.33147,217.0,0.33346,219.0,0.33146,4512.0,0.33347,4509.0,0.33144,217.0,0.33349,219.0,0.33143,217.0,0.33351,218.0,0.3314,217.0,0.33354,218.0,0.33139,217.0,0.33357,218.0
1756673168.1672843,1756673167562,1756673167562,0.33215,1882.0,0.33267,241.0,0.33214,3340.0,0.33302,4516.0,0.33187,121.0,0.33327,217.0,0.33176,1277.0,0.33328,1153.0,0.33173,217.0,0.3333,936.0,0.33172,2990.0,0.33331,217.0,0.3317,217.0,0.33332,4136.0,0.33167,217.0,0.33334,217.0,0.33165,1452.0,0.33337,217.0,0.33162,217.0,0.3334,217.0,0.33161,4142.0,0.33343,219.0,0.33159,217.0,0.33346,219.0,0.33156,217.0,0.33347,4509.0,0.33153,217.0,0.33349,219.0,0.3315,217.0,0.33351,218.0,0.33147,217.0,0.33354,218.0,0.33146,4512.0,0.33357,218.0,0.33144,217.0,0.3336,218.0,0.33143,217.0,0.33363,218.0,0.3314,217.0,0.33366,218.0
1756673168.7662961,1756673168167,1756673168167,0.3322,534.0,0.33302,4516.0,0.33216,3385.0,0.33328,936.0,0.33183,1258.0,0.3333,936.0,0.33182,216.0,0.33339,216.0,0.33179,216.0,0.33347,4509.0,0.33176,1277.0,0.33352,216.0,0.33173,217.0,0.33357,218.0,0.33172,2990.0,0.3336,218.0,0.3317,217.0,0.33363,218.0,0.33167,217.0,0.33366,218.0,0.33165,217.0,0.33369,218.0,0.33162,217.0,0.33372,218.0,0.33159,217.0,0.33374,218.0,0.33156,217.0,0.33377,218.0,0.33153,217.0,0.3338,218.0,0.3315,217.0,0.33381,4721.0,0.33147,217.0,0.33384,218.0,0.33146,4512.0,0.33387,218.0,0.33144,217.0,0.3339,15390.0,0.33143,217.0,0.33391,217.0
1756673169.2452528,1756673168725,1756673168725,0.33221,4661.0,0.33301,3382.0,0.33217,3524.0,0.33328,936.0,0.33183,1258.0,0.3333,936.0,0.33182,4428.0,0.33345,216.0,0.33179,216.0,0.33347,4509.0,0.33176,217.0,0.33348,216.0,0.33173,217.0,0.33352,216.0,0.33172,2990.0,0.33354,216.0,0.3317,217.0,0.33357,218.0,0.33167,217.0,0.3336,218.0,0.33165,217.0,0.33363,218.0,0.33162,217.0,0.33366,218.0,0.33159,217.0,0.33369,218.0,0.33156,217.0,0.33371,4098.0,0.33153,217.0,0.33372,218.0,0.3315,217.0,0.33374,218.0,0.33148,1060.0,0.33377,218.0,0.33147,217.0,0.3338,218.0,0.33146,4512.0,0.33381,4721.0,0.33144,217.0,0.33384,218.0
1756673169.8477545,1756673169256,1756673169256,0.33223,3382.0,0.33301,3299.0,0.33222,2041.0,0.3333,936.0,0.33221,1279.0,0.33347,4509.0,0.33197,121.0,0.33354,216.0,0.33185,216.0,0.33357,218.0,0.33184,4212.0,0.3336,218.0,0.33183,1258.0,0.33363,218.0,0.33182,216.0,0.33366,218.0,0.3318,4510.0,0.33369,218.0,0.33179,216.0,0.33371,4098.0,0.33176,217.0,0.33372,218.0,0.33173,217.0,0.33374,218.0,0.33172,2990.0,0.33377,218.0,0.3317,217.0,0.3338,218.0,0.33167,217.0,0.33381,4721.0,0.33165,217.0,0.33384,218.0,0.33162,217.0,0.33387,218.0,0.33159,217.0,0.3339,15390.0,0.33156,217.0,0.33391,217.0,0.33153,217.0,0.33393,217.0
1756673170.331713,1756673169780,1756673169780,0.33224,4078.0,0.33301,3299.0,0.33223,3382.0,0.33346,108.0,0.33222,2336.0,0.33347,4725.0,0.33197,121.0,0.3335,216.0,0.33185,216.0,0.33354,216.0,0.33183,1258.0,0.33357,218.0,0.33182,216.0,0.3336,218.0,0.3318,4510.0,0.33363,218.0,0.33179,216.0,0.33366,218.0,0.33176,217.0,0.33369,218.0,0.33173,217.0,0.33371,4098.0,0.33172,2990.0,0.33372,218.0,0.3317,217.0,0.33374,218.0,0.33167,217.0,0.33377,218.0,0.33165,217.0,0.3338,218.0,0.33162,217.0,0.33381,4721.0,0.33159,217.0,0.33384,218.0,0.33156,217.0,0.33387,218.0,0.33153,217.0,0.3339,218.0,0.3315,217.0,0.33391,217.0
1756673170.8470309,1756673170332,1756673170332,0.33225,3382.0,0.33299,3382.0,0.33224,8762.0,0.333,295.0,0.33223,155.0,0.33342,107.0,0.33222,1881.0,0.33343,215.0,0.33185,216.0,0.33345,936.0,0.33183,1258.0,0.33347,4509.0,0.33182,216.0,0.33354,216.0,0.3318,4510.0,0.33357,218.0,0.33179,216.0,0.3336,218.0,0.33176,217.0,0.33363,218.0,0.33173,217.0,0.33366,218.0,0.33172,2990.0,0.33369,218.0,0.3317,217.0,0.33371,4098.0,0.33167,217.0,0.33372,218.0,0.33165,217.0,0.33374,218.0,0.33162,217.0,0.33377,218.0,0.33159,217.0,0.3338,218.0,0.33156,217.0,0.33381,4721.0,0.33153,217.0,0.33384,218.0,0.3315,217.0,0.33387,218.0
1756673171.4374673,1756673170863,1756673170863,0.33227,3382.0,0.33298,295.0,0.33226,5887.0,0.33299,3382.0,0.33224,2990.0,0.33345,936.0,0.33223,1215.0,0.33347,4509.0,0.33222,1881.0,0.3336,218.0,0.33188,215.0,0.33363,218.0,0.33185,216.0,0.33366,218.0,0.33183,1258.0,0.33369,218.0,0.33182,216.0,0.33371,4098.0,0.3318,4510.0,0.33372,218.0,0.33179,216.0,0.33374,218.0,0.33176,217.0,0.33377,218.0,0.33173,217.0,0.3338,218.0,0.33172,2990.0,0.33381,4721.0,0.3317,217.0,0.33384,218.0,0.33167,217.0,0.33387,218.0,0.33165,217.0,0.3339,218.0,0.33162,217.0,0.33391,217.0,0.33159,217.0,0.33393,217.0,0.33156,217.0,0.33396,217.0
1756673171.9940622,1756673171398,1756673171398,0.33228,455.0,0.33296,295.0,0.33227,4442.0,0.33297,3382.0,0.33224,2990.0,0.33345,936.0,0.33222,1881.0,0.33347,4509.0,0.33188,215.0,0.3335,215.0,0.33185,216.0,0.33353,215.0,0.33183,1258.0,0.33356,215.0,0.33182,216.0,0.3336,218.0,0.3318,4510.0,0.33363,218.0,0.33179,216.0,0.33366,218.0,0.33176,217.0,0.33369,218.0,0.33173,217.0,0.33371,4098.0,0.33172,2990.0,0.33372,218.0,0.3317,217.0,0.33374,218.0,0.33167,217.0,0.33377,218.0,0.33165,217.0,0.3338,218.0,0.33162,217.0,0.33381,4721.0,0.33159,217.0,0.33384,218.0,0.33156,217.0,0.33387,218.0,0.33153,217.0,0.3339,218.0
1756673172.7194686,1756673171950,1756673171950,0.33229,3382.0,0.33295,3382.0,0.33228,5786.0,0.33296,295.0,0.33227,1171.0,0.3334,107.0,0.33225,44.0,0.33345,936.0,0.33224,2990.0,0.33346,215.0,0.33222,1881.0,0.33347,4509.0,0.33191,215.0,0.3335,215.0,0.33188,215.0,0.33353,215.0,0.33185,216.0,0.33356,215.0,0.33183,1258.0,0.33357,215.0,0.33182,216.0,0.3336,218.0,0.3318,4510.0,0.33363,218.0,0.33179,216.0,0.33366,218.0,0.33176,217.0,0.33369,218.0,0.33173,217.0,0.33371,4098.0,0.33172,2990.0,0.33372,218.0,0.3317,217.0,0.33374,218.0,0.33167,217.0,0.33377,218.0,0.33165,217.0,0.3338,218.0,0.33162,217.0,0.33381,4721.0
1756673173.117516,1756673172482,1756673172482,0.33231,3382.0,0.33293,3382.0,0.3323,455.0,0.33294,295.0,0.33228,4342.0,0.33345,936.0,0.33227,1171.0,0.33347,4509.0,0.33225,44.0,0.33356,215.0,0.33224,2990.0,0.33357,215.0,0.33222,1881.0,0.3336,218.0,0.33191,215.0,0.33363,218.0,0.33188,215.0,0.33366,218.0,0.33185,216.0,0.33369,218.0,0.33183,1258.0,0.33371,4098.0,0.33182,216.0,0.33372,218.0,0.3318,4510.0,0.33374,218.0,0.33179,216.0,0.33377,218.0,0.33176,217.0,0.3338,218.0,0.33173,217.0,0.33381,4721.0,0.33172,2990.0,0.33384,218.0,0.3317,217.0,0.33387,218.0,0.33167,217.0,0.3339,218.0,0.33165,217.0,0.33391,217.0
1756673173.6827013,1756673173112,1756673173112,0.33232,455.0,0.33292,295.0,0.33231,4616.0,0.33293,3382.0,0.33228,4101.0,0.33345,1150.0,0.33227,1171.0,0.33347,4509.0,0.33225,44.0,0.33348,215.0,0.33224,2990.0,0.33351,215.0,0.33222,1881.0,0.33356,215.0,0.33194,215.0,0.33357,215.0,0.33191,215.0,0.3336,218.0,0.33188,215.0,0.33363,218.0,0.33185,216.0,0.33366,218.0,0.33183,1258.0,0.33369,218.0,0.33182,216.0,0.33371,4098.0,0.3318,4510.0,0.33372,218.0,0.33179,216.0,0.33374,218.0,0.33176,217.0,0.33377,218.0,0.33173,217.0,0.3338,218.0,0.33172,2990.0,0.33381,4721.0,0.3317,217.0,0.33384,218.0,0.33167,217.0,0.33387,218.0
1756673174.0916626,1756673173662,1756673173662,0.33233,4442.0,0.33291,3382.0,0.33232,455.0,0.33292,295.0,0.33228,4101.0,0.33341,321.0,0.33227,111.0,0.33342,107.0,0.33225,44.0,0.33344,214.0,0.33224,2990.0,0.33345,936.0,0.33222,1881.0,0.33347,4509.0,0.33194,215.0,0.33348,215.0,0.33191,215.0,0.33351,215.0,0.33188,215.0,0.33353,214.0,0.33185,216.0,0.33356,215.0,0.33183,1258.0,0.33357,215.0,0.33182,216.0,0.3336,218.0,0.3318,4510.0,0.33363,218.0,0.33179,216.0,0.33366,218.0,0.33176,217.0,0.33369,218.0,0.33173,217.0,0.33371,4098.0,0.33172,2990.0,0.33372,218.0,0.3317,217.0,0.33374,218.0,0.33167,217.0,0.33377,218.0
1756673174.7593048,1756673174242,1756673174242,0.33235,3837.0,0.33289,3382.0,0.33234,1239.0,0.3329,295.0,0.33233,1060.0,0.33344,107.0,0.33228,4101.0,0.33345,1257.0,0.33227,111.0,0.33347,4509.0,0.33225,44.0,0.33348,214.0,0.33224,2990.0,0.33351,215.0,0.33222,1881.0,0.33353,214.0,0.33197,214.0,0.33356,215.0,0.33194,215.0,0.33357,215.0,0.33191,215.0,0.3336,218.0,0.33188,215.0,0.33363,218.0,0.33185,216.0,0.33366,218.0,0.33183,1258.0,0.33369,218.0,0.33182,216.0,0.33371,4098.0,0.3318,4510.0,0.33372,218.0,0.33179,216.0,0.33374,218.0,0.33176,217.0,0.33377,218.0,0.33173,217.0,0.3338,218.0,0.33172,2990.0,0.33381,4721.0
1756673175.3119638,1756673174753,1756673174753,0.33236,2335.0,0.33288,295.0,0.33235,4442.0,0.33289,3382.0,0.33228,4101.0,0.33345,1150.0,0.33225,44.0,0.33347,4509.0,0.33224,2990.0,0.33348,214.0,0.33197,214.0,0.33351,215.0,0.33194,215.0,0.33353,214.0,0.33191,215.0,0.33356,215.0,0.33188,215.0,0.33357,215.0,0.33185,216.0,0.3336,218.0,0.33183,1258.0,0.33363,218.0,0.33182,216.0,0.33366,218.0,0.3318,4510.0,0.33369,218.0,0.33179,216.0,0.33371,4098.0,0.33176,217.0,0.33372,218.0,0.33173,217.0,0.33374,218.0,0.33172,2990.0,0.33377,218.0,0.3317,217.0,0.3338,218.0,0.33167,217.0,0.33381,4721.0,0.33165,217.0,0.33384,218.0
1756673175.9017162,1756673175315,1756673175315,0.33237,3333.0,0.33286,295.0,0.33236,2335.0,0.33287,2521.0,0.33235,1173.0,0.33341,107.0,0.33228,4101.0,0.33342,214.0,0.33225,42.0,0.33345,1150.0,0.33224,2990.0,0.33347,4509.0,0.33197,214.0,0.33348,214.0,0.33194,215.0,0.33351,215.0,0.33191,215.0,0.33353,214.0,0.33188,215.0,0.33356,215.0,0.33185,216.0,0.33357,215.0,0.33183,1258.0,0.3336,218.0,0.33182,216.0,0.33363,218.0,0.3318,4510.0,0.33366,218.0,0.33179,216.0,0.33369,218.0,0.33176,217.0,0.33371,4098.0,0.33173,217.0,0.33372,218.0,0.33172,2990.0,0.33374,218.0,0.3317,217.0,0.33377,218.0,0.33167,217.0,0.3338,218.0
1756673176.4094598,1756673175848,1756673175848,0.33238,160.0,0.33285,1505.0,0.33237,241.0,0.33312,121.0,0.33236,1880.0,0.3334,107.0,0.33235,1173.0,0.33342,214.0,0.33228,4101.0,0.33345,1150.0,0.33225,42.0,0.33347,4509.0,0.33224,2990.0,0.33348,214.0,0.332,214.0,0.33351,215.0,0.33197,214.0,0.33353,214.0,0.33194,215.0,0.33356,215.0,0.33191,215.0,0.33357,215.0,0.33188,215.0,0.3336,218.0,0.33185,216.0,0.33363,218.0,0.33183,1258.0,0.33366,218.0,0.33182,216.0,0.33369,218.0,0.3318,4510.0,0.33371,4098.0,0.33179,216.0,0.33372,218.0,0.33176,217.0,0.33374,218.0,0.33173,217.0,0.33377,218.0,0.33172,2990.0,0.3338,218.0
1756673177.0017838,1756673176372,1756673176372,0.3324,455.0,0.3331,3381.0,0.33239,3381.0,0.33312,121.0,0.33238,111.0,0.33342,214.0,0.33237,241.0,0.33345,1150.0,0.33236,1880.0,0.33347,4509.0,0.33225,44.0,0.33348,214.0,0.332,214.0,0.33351,215.0,0.33197,214.0,0.33353,214.0,0.33194,215.0,0.33356,215.0,0.33191,215.0,0.33357,215.0,0.33188,215.0,0.3336,218.0,0.33185,1276.0,0.33363,218.0,0.33183,1258.0,0.33366,218.0,0.33182,216.0,0.33369,218.0,0.3318,4510.0,0.33371,4098.0,0.33179,216.0,0.33372,218.0,0.33176,217.0,0.33374,218.0,0.33173,217.0,0.33377,218.0,0.33172,2990.0,0.3338,218.0,0.3317,217.0,0.33381,4721.0
1756673177.6722424,1756673177037,1756673177037,0.33241,3381.0,0.3331,3321.0,0.3324,455.0,0.33326,106.0,0.33238,111.0,0.33327,106.0,0.33236,1880.0,0.33342,214.0,0.33225,44.0,0.33345,1150.0,0.33203,213.0,0.33347,4509.0,0.332,214.0,0.33348,214.0,0.33197,214.0,0.33351,215.0,0.33194,215.0,0.33353,214.0,0.33191,215.0,0.33356,215.0,0.33188,215.0,0.33357,215.0,0.33185,1276.0,0.3336,218.0,0.33183,2508.0,0.33363,218.0,0.33182,216.0,0.33366,218.0,0.3318,8611.0,0.33369,218.0,0.33179,216.0,0.33371,4098.0,0.33176,217.0,0.33372,218.0,0.33173,217.0,0.33374,218.0,0.33172,2990.0,0.33377,218.0,0.3317,217.0,0.3338,218.0
1756673178.1531026,1756673177545,1756673177545,0.33242,6826.0,0.3331,3026.0,0.33225,44.0,0.33311,295.0,0.33203,213.0,0.33345,936.0,0.332,214.0,0.33347,4509.0,0.33197,214.0,0.33366,218.0,0.33194,215.0,0.33369,218.0,0.33191,215.0,0.33371,4098.0,0.33188,215.0,0.33372,218.0,0.33185,1276.0,0.33374,218.0,0.33183,1258.0,0.33377,218.0,0.33182,216.0,0.3338,218.0,0.3318,4510.0,0.33381,4721.0,0.33179,216.0,0.33384,218.0,0.33176,217.0,0.33387,218.0,0.33173,217.0,0.3339,218.0,0.33172,2990.0,0.33391,217.0,0.3317,217.0,0.33393,217.0,0.33167,217.0,0.33396,217.0,0.33165,217.0,0.33398,216.0,0.33162,217.0,0.33399,216.0
1756673178.6553023,1756673178059,1756673178059,0.33243,455.0,0.33308,3381.0,0.33242,4613.0,0.33309,295.0,0.33241,113.0,0.3331,3026.0,0.33225,42.0,0.33346,213.0,0.33203,213.0,0.33347,4509.0,0.332,214.0,0.33349,213.0,0.33197,214.0,0.33352,213.0,0.33194,215.0,0.33355,213.0,0.33191,215.0,0.33358,213.0,0.33188,215.0,0.33361,213.0,0.33185,1276.0,0.33366,218.0,0.33183,1258.0,0.33369,1154.0,0.33182,216.0,0.33371,4098.0,0.3318,4510.0,0.33372,218.0,0.33179,216.0,0.33374,218.0,0.33176,217.0,0.33377,218.0,0.33173,217.0,0.3338,218.0,0.33172,2990.0,0.33381,4721.0,0.3317,217.0,0.33384,218.0,0.33167,217.0,0.33387,218.0
1756673179.173507,1756673178590,1756673178590,0.33244,3381.0,0.33307,295.0,0.33243,3445.0,0.33308,2405.0,0.33242,1232.0,0.33333,106.0,0.33241,113.0,0.33346,213.0,0.33225,42.0,0.33347,4509.0,0.33206,213.0,0.33349,213.0,0.33203,213.0,0.33352,213.0,0.332,214.0,0.33355,213.0,0.33197,214.0,0.33358,213.0,0.33194,215.0,0.33361,213.0,0.33193,4273.0,0.33363,213.0,0.33191,215.0,0.33366,218.0,0.33188,215.0,0.33369,1154.0,0.33185,1276.0,0.33371,4098.0,0.33183,1258.0,0.33372,218.0,0.33182,216.0,0.33374,218.0,0.3318,4510.0,0.33377,218.0,0.33179,216.0,0.3338,218.0,0.33176,217.0,0.33381,4721.0,0.33173,217.0,0.33384,218.0
1756673179.7684505,1756673179193,1756673179193,0.33246,3381.0,0.33306,3381.0,0.33245,2298.0,0.33307,295.0,0.33243,2990.0,0.33333,106.0,0.33242,1232.0,0.33344,936.0,0.33241,113.0,0.33346,213.0,0.33225,42.0,0.33347,4509.0,0.33206,213.0,0.33349,213.0,0.33203,213.0,0.33352,213.0,0.332,214.0,0.33355,213.0,0.33197,214.0,0.33358,213.0,0.33194,215.0,0.33361,213.0,0.33193,4273.0,0.33363,213.0,0.33191,215.0,0.33366,218.0,0.33188,215.0,0.33369,218.0,0.33185,1276.0,0.33371,4098.0,0.33183,1258.0,0.33372,218.0,0.33182,216.0,0.33374,218.0,0.3318,4510.0,0.33377,218.0,0.33179,216.0,0.3338,218.0,0.33176,217.0,0.33381,4721.0
1756673180.4205213,1756673179795,1756673179795,0.33246,3716.0,0.33304,3381.0,0.33243,2990.0,0.33305,212.0,0.33241,113.0,0.33344,936.0,0.33225,42.0,0.33347,4509.0,0.33209,212.0,0.33354,106.0,0.33206,213.0,0.33355,213.0,0.33203,213.0,0.33358,213.0,0.332,214.0,0.33361,213.0,0.33197,214.0,0.33363,213.0,0.33195,1060.0,0.33366,218.0,0.33194,215.0,0.33369,218.0,0.33193,4273.0,0.33371,4098.0,0.33191,215.0,0.33372,218.0,0.33188,215.0,0.33374,218.0,0.33185,216.0,0.33377,218.0,0.33183,1258.0,0.3338,218.0,0.33182,216.0,0.33381,4721.0,0.3318,4510.0,0.33384,218.0,0.33179,216.0,0.33387,218.0,0.33176,217.0,0.3339,218.0
1756673180.8728704,1756673180299,1756673180299,0.3329,2990.0,0.33344,173.0,0.33248,3381.0,0.33347,4509.0,0.33247,1507.0,0.33376,212.0,0.33243,2990.0,0.33379,212.0,0.33209,212.0,0.33381,4503.0,0.33206,213.0,0.33384,218.0,0.33203,213.0,0.33387,218.0,0.332,214.0,0.3339,218.0,0.33197,214.0,0.33391,217.0,0.33195,1060.0,0.33393,217.0,0.33194,215.0,0.33396,217.0,0.33191,215.0,0.33398,216.0,0.33188,215.0,0.33399,216.0,0.33185,216.0,0.33402,216.0,0.33183,1258.0,0.33405,216.0,0.33182,216.0,0.33408,216.0,0.3318,4510.0,0.33411,216.0,0.33179,216.0,0.33414,216.0,0.33176,217.0,0.33415,213.0,0.33173,217.0,0.33418,213.0
1756673181.3455832,1756673180801,1756673180801,0.33291,4955.0,0.33343,2915.0,0.3329,2990.0,0.33344,173.0,0.33253,212.0,0.33347,4509.0,0.3325,212.0,0.33379,212.0,0.33248,4087.0,0.33381,4715.0,0.33247,1384.0,0.33384,218.0,0.33246,59.0,0.33387,218.0,0.33244,212.0,0.3339,218.0,0.33243,3042.0,0.33391,217.0,0.33241,212.0,0.33393,217.0,0.33238,212.0,0.33396,217.0,0.33237,212.0,0.33398,216.0,0.33234,212.0,0.33399,216.0,0.33225,44.0,0.33402,216.0,0.33215,4505.0,0.33405,216.0,0.33209,212.0,0.33408,216.0,0.33206,213.0,0.33411,216.0,0.33203,213.0,0.33414,216.0,0.332,214.0,0.33415,213.0,0.33197,214.0,0.33418,213.0
1756673181.8816617,1756673181322,1756673181322,0.33293,1941.0,0.33347,4509.0,0.33292,335.0,0.33371,121.0,0.33291,1721.0,0.33381,4715.0,0.33253,212.0,0.33384,218.0,0.3325,212.0,0.33387,218.0,0.33249,4502.0,0.3339,218.0,0.33248,4087.0,0.33391,217.0,0.33247,1384.0,0.33393,217.0,0.33244,212.0,0.33396,217.0,0.33243,3042.0,0.33398,216.0,0.33241,212.0,0.33399,216.0,0.33238,212.0,0.33402,216.0,0.33237,212.0,0.33405,216.0,0.33234,212.0,0.33408,216.0,0.33231,212.0,0.33411,216.0,0.33228,212.0,0.33413,173.0,0.33225,256.0,0.33414,216.0,0.33222,212.0,0.33415,213.0,0.3322,212.0,0.33418,213.0,0.33217,212.0,0.33421,213.0
1756673182.4344556,1756673181862,1756673181862,0.33294,335.0,0.33342,2240.0,0.33256,212.0,0.33371,121.0,0.33254,61.0,0.33381,4503.0,0.33253,212.0,0.33386,316.0,0.3325,212.0,0.33392,212.0,0.33249,4502.0,0.33396,217.0,0.33248,4087.0,0.33398,216.0,0.33247,212.0,0.33399,216.0,0.33244,212.0,0.33402,216.0,0.33243,3040.0,0.33405,216.0,0.33241,212.0,0.33408,216.0,0.33238,212.0,0.33411,216.0,0.33237,212.0,0.33413,173.0,0.33234,212.0,0.33414,216.0,0.33231,212.0,0.33415,213.0,0.33228,212.0,0.33418,213.0,0.33225,256.0,0.33421,213.0,0.33222,212.0,0.33424,213.0,0.3322,212.0,0.33426,4228.0,0.33217,212.0,0.33427,213.0
1756673183.0663216,1756673182410,1756673182410,0.33295,1252.0,0.33342,2240.0,0.33294,245.0,0.33381,4503.0,0.33256,212.0,0.33382,105.0,0.33254,61.0,0.33383,211.0,0.33253,212.0,0.33385,105.0,0.3325,212.0,0.33386,211.0,0.33249,4502.0,0.33389,211.0,0.33248,4087.0,0.33392,212.0,0.33247,212.0,0.33396,217.0,0.33244,212.0,0.33398,216.0,0.33243,3040.0,0.33399,216.0,0.33241,212.0,0.33402,216.0,0.3324,1252.0,0.33405,216.0,0.33238,212.0,0.33408,216.0,0.33237,212.0,0.33411,216.0,0.33234,212.0,0.33413,173.0,0.33231,212.0,0.33414,216.0,0.33228,212.0,0.33415,213.0,0.33225,256.0,0.33418,213.0,0.33222,212.0,0.33421,213.0
1756673183.515952,1756673182931,1756673182931,0.33296,1877.0,0.33381,105.0,0.33257,335.0,0.33393,105.0,0.33256,212.0,0.33396,217.0,0.33254,61.0,0.33398,216.0,0.33253,212.0,0.33399,216.0,0.3325,212.0,0.33402,216.0,0.33249,4502.0,0.33405,216.0,0.33248,4087.0,0.33408,216.0,0.33247,212.0,0.33411,216.0,0.33244,212.0,0.33414,216.0,0.33243,3040.0,0.33415,213.0,0.33241,212.0,0.33418,213.0,0.3324,1252.0,0.33421,213.0,0.33238,212.0,0.33424,386.0,0.33237,212.0,0.33426,4228.0,0.33234,212.0,0.33427,213.0,0.33231,212.0,0.33429,213.0,0.33228,212.0,0.33432,213.0,0.33225,256.0,0.33435,213.0,0.33222,212.0,0.33437,212.0
1756673184.013046,1756673183477,1756673183477,0.33297,1267.0,0.3338,3375.0,0.33296,1877.0,0.33405,105.0,0.33258,245.0,0.3342,105.0,0.33256,212.0,0.33422,4499.0,0.33254,61.0,0.33424,173.0,0.33253,212.0,0.33435,213.0,0.33252,1823.0,0.33437,212.0,0.3325,212.0,0.3344,212.0,0.33249,4502.0,0.33442,212.0,0.33248,4087.0,0.33445,212.0,0.33247,212.0,0.33448,212.0,0.33244,212.0,0.3345,2500.0,0.33243,2990.0,0.33451,212.0,0.33241,212.0,0.33454,212.0,0.3324,1252.0,0.33456,4499.0,0.33238,212.0,0.33457,212.0,0.33237,212.0,0.3346,212.0,0.33234,212.0,0.33463,212.0,0.33231,212.0,0.33466,212.0,0.33228,212.0,0.33469,212.0
1756673184.6121767,1756673184012,1756673184012,0.33298,3618.0,0.3338,3375.0,0.33297,1267.0,0.33405,105.0,0.33296,1877.0,0.33418,211.0,0.33259,211.0,0.3342,173.0,0.33256,212.0,0.33421,211.0,0.33254,61.0,0.33422,4499.0,0.33253,212.0,0.33424,211.0,0.33252,1823.0,0.33427,211.0,0.3325,212.0,0.3343,211.0,0.33249,4502.0,0.33435,213.0,0.33248,4087.0,0.33437,212.0,0.33247,212.0,0.3344,212.0,0.33244,212.0,0.33442,212.0,0.33243,3042.0,0.33445,212.0,0.33241,212.0,0.33448,212.0,0.3324,1252.0,0.33449,4203.0,0.33238,212.0,0.3345,2500.0,0.33237,212.0,0.33451,212.0,0.33234,212.0,0.33454,212.0,0.33231,212.0,0.33456,4499.0
1756673185.041333,1756673184536,1756673184536,0.333,3374.0,0.33379,3374.0,0.33299,1494.0,0.33418,211.0,0.33296,1877.0,0.3342,173.0,0.33259,211.0,0.33421,211.0,0.33256,212.0,0.33422,4499.0,0.33254,61.0,0.33424,211.0,0.33253,212.0,0.33427,211.0,0.33252,1823.0,0.3343,211.0,0.3325,212.0,0.33435,213.0,0.33249,4502.0,0.33437,212.0,0.33248,4087.0,0.3344,212.0,0.33247,212.0,0.33442,212.0,0.33244,212.0,0.33445,212.0,0.33243,3042.0,0.33448,212.0,0.33241,212.0,0.33449,4203.0,0.3324,1252.0,0.3345,2500.0,0.33238,212.0,0.33451,212.0,0.33237,212.0,0.33454,212.0,0.33234,212.0,0.33456,4499.0,0.33233,3947.0,0.33457,212.0
1756673185.6691544,1756673185091,1756673185091,0.33301,245.0,0.33379,3374.0,0.333,3374.0,0.33391,105.0,0.33296,1877.0,0.33418,211.0,0.33262,211.0,0.33419,173.0,0.33259,211.0,0.33421,211.0,0.33256,212.0,0.33422,4499.0,0.33254,61.0,0.33424,211.0,0.33253,212.0,0.33427,211.0,0.33252,1823.0,0.3343,211.0,0.3325,212.0,0.33432,211.0,0.33249,4502.0,0.33435,213.0,0.33248,4087.0,0.33437,212.0,0.33247,212.0,0.3344,212.0,0.33244,212.0,0.33442,212.0,0.33243,3042.0,0.33445,212.0,0.33241,212.0,0.33448,2081.0,0.3324,1252.0,0.33449,4203.0,0.33238,212.0,0.3345,2500.0,0.33237,212.0,0.33451,212.0,0.33234,212.0,0.33454,212.0
1756673188.269297,1756673186058,1756673186058,0.33302,3374.0,0.33378,3015.0,0.33301,245.0,0.33391,105.0,0.33296,1877.0,0.33403,105.0,0.33262,211.0,0.33418,211.0,0.33259,211.0,0.33419,173.0,0.33256,212.0,0.33421,211.0,0.33254,59.0,0.33422,4499.0,0.33253,212.0,0.33424,211.0,0.33251,1823.0,0.33427,211.0,0.3325,212.0,0.3343,211.0,0.33249,4502.0,0.33432,211.0,0.33248,5345.0,0.33435,213.0,0.33247,212.0,0.33437,212.0,0.33244,212.0,0.3344,212.0,0.33243,3042.0,0.33442,212.0,0.33241,212.0,0.33445,212.0,0.3324,1252.0,0.33448,2081.0,0.33238,212.0,0.33449,4203.0,0.33237,212.0,0.3345,2500.0,0.33234,212.0,0.33451,212.0
1756673188.3294253,1756673186960,1756673186960,0.33302,3374.0,0.33378,3015.0,0.33301,245.0,0.33418,211.0,0.33296,1877.0,0.33419,173.0,0.33262,211.0,0.33421,211.0,0.33259,211.0,0.33422,4499.0,0.33256,212.0,0.33424,211.0,0.33254,59.0,0.33427,211.0,0.33253,212.0,0.3343,211.0,0.33251,1823.0,0.33432,211.0,0.3325,212.0,0.33435,213.0,0.33249,4502.0,0.33437,212.0,0.33247,212.0,0.3344,212.0,0.33244,212.0,0.33442,212.0,0.33243,3042.0,0.33445,212.0,0.33241,212.0,0.33448,212.0,0.3324,1252.0,0.33449,4203.0,0.33238,212.0,0.3345,2500.0,0.33237,212.0,0.33451,212.0,0.33234,212.0,0.33454,212.0,0.33233,3947.0,0.33456,4499.0
1756673188.5056164,1756673187188,1756673187188,0.33302,3374.0,0.33378,3015.0,0.33301,245.0,0.33418,211.0,0.33296,1877.0,0.33419,173.0,0.33262,211.0,0.33421,211.0,0.33259,211.0,0.33422,4499.0,0.33256,212.0,0.33424,211.0,0.33254,59.0,0.33427,211.0,0.33253,212.0,0.3343,211.0,0.33251,1823.0,0.33432,211.0,0.3325,212.0,0.33435,213.0,0.33249,4502.0,0.33437,212.0,0.33247,212.0,0.3344,212.0,0.33244,212.0,0.33442,212.0,0.33243,3042.0,0.33445,212.0,0.33241,212.0,0.33448,212.0,0.3324,1252.0,0.33449,4203.0,0.33238,212.0,0.3345,2500.0,0.33237,212.0,0.33451,212.0,0.33234,212.0,0.33454,212.0,0.33233,3947.0,0.33456,4499.0
1756673188.6555715,1756673187546,1756673187546,0.33302,3374.0,0.33378,3015.0,0.33301,245.0,0.33416,120.0,0.33296,1877.0,0.33418,211.0,0.33262,211.0,0.33419,173.0,0.33259,211.0,0.33421,211.0,0.33256,212.0,0.33422,4499.0,0.33254,59.0,0.33424,211.0,0.33253,212.0,0.33427,211.0,0.33251,1823.0,0.3343,211.0,0.3325,212.0,0.33432,211.0,0.33249,4502.0,0.33435,213.0,0.33247,212.0,0.33437,212.0,0.33244,212.0,0.3344,212.0,0.33243,3042.0,0.33442,212.0,0.33241,212.0,0.33445,212.0,0.3324,1252.0,0.33448,212.0,0.33238,212.0,0.33449,4203.0,0.33237,212.0,0.3345,2500.0,0.33234,212.0,0.33451,212.0,0.33233,3947.0,0.33454,212.0
1756673188.7700179,1756673187919,1756673187919,0.33303,245.0,0.33378,3015.0,0.33302,3374.0,0.33416,120.0,0.33296,1877.0,0.33418,211.0,0.33262,211.0,0.33419,173.0,0.33259,211.0,0.33421,211.0,0.33256,212.0,0.33422,4499.0,0.33253,212.0,0.33424,211.0,0.33251,1823.0,0.33427,211.0,0.3325,212.0,0.3343,211.0,0.33249,4502.0,0.33432,211.0,0.33247,212.0,0.33435,213.0,0.33244,212.0,0.33437,212.0,0.33243,3042.0,0.3344,212.0,0.33241,212.0,0.33442,212.0,0.3324,1252.0,0.33445,212.0,0.33238,212.0,0.33448,212.0,0.33237,212.0,0.33449,4203.0,0.33234,212.0,0.3345,2500.0,0.33233,3947.0,0.33451,212.0,0.33231,212.0,0.33454,212.0
1756673189.0071375,1756673188377,1756673188377,0.33303,208.0,0.33378,3015.0,0.33302,4600.0,0.33416,120.0,0.33296,1877.0,0.33418,211.0,0.33265,210.0,0.33419,173.0,0.33262,211.0,0.33421,211.0,0.33259,211.0,0.33422,4499.0,0.33256,212.0,0.33424,211.0,0.33253,212.0,0.33427,211.0,0.33251,1823.0,0.3343,211.0,0.3325,212.0,0.33432,211.0,0.33249,4502.0,0.33435,213.0,0.33247,212.0,0.33437,212.0,0.33244,212.0,0.3344,212.0,0.33243,3042.0,0.33442,212.0,0.33241,212.0,0.33445,212.0,0.3324,1252.0,0.33448,212.0,0.33238,212.0,0.33449,4203.0,0.33237,212.0,0.3345,2500.0,0.33234,212.0,0.33451,212.0,0.33233,3947.0,0.33454,212.0
1756673189.4966471,1756673188924,1756673188924,0.33303,6572.0,0.33378,3015.0,0.33302,1226.0,0.33416,120.0,0.33265,210.0,0.33419,173.0,0.33262,211.0,0.33422,4499.0,0.33259,211.0,0.33427,211.0,0.33256,212.0,0.3343,211.0,0.33254,61.0,0.33432,211.0,0.33253,212.0,0.33435,213.0,0.33252,1823.0,0.33437,212.0,0.3325,212.0,0.3344,212.0,0.33249,4502.0,0.33442,212.0,0.33247,212.0,0.33445,212.0,0.33244,212.0,0.33448,212.0,0.33243,3040.0,0.33449,4203.0,0.33241,212.0,0.3345,2500.0,0.3324,1252.0,0.33451,212.0,0.33238,212.0,0.33454,212.0,0.33237,212.0,0.33456,4499.0,0.33234,212.0,0.33457,212.0,0.33231,212.0,0.3346,212.0
1756673189.9794474,1756673189458,1756673189458,0.33303,10793.0,0.33378,2045.0,0.33292,1248.0,0.33419,173.0,0.33266,3947.0,0.33422,4499.0,0.33265,210.0,0.33437,212.0,0.33262,211.0,0.3344,212.0,0.33259,211.0,0.33442,212.0,0.33256,212.0,0.33445,212.0,0.33254,61.0,0.33448,212.0,0.33253,212.0,0.3345,2500.0,0.33252,1823.0,0.33451,212.0,0.3325,212.0,0.33454,212.0,0.33249,4502.0,0.33456,4499.0,0.33247,212.0,0.33457,212.0,0.33244,212.0,0.3346,212.0,0.33243,8139.0,0.33463,212.0,0.33241,212.0,0.33466,212.0,0.33238,212.0,0.33469,212.0,0.33237,212.0,0.33472,212.0,0.33234,212.0,0.33473,211.0,0.33231,212.0,0.33476,211.0
1756673190.6586187,1756673189998,1756673189998,0.3335,2990.0,0.33378,2045.0,0.33305,3582.0,0.33419,173.0,0.33304,1243.0,0.33422,4499.0,0.33303,7211.0,0.33425,210.0,0.33292,1248.0,0.33428,210.0,0.33266,3947.0,0.33431,210.0,0.33265,210.0,0.33434,210.0,0.33262,211.0,0.33437,212.0,0.33259,211.0,0.3344,212.0,0.33256,212.0,0.33442,212.0,0.33254,61.0,0.33445,212.0,0.33253,212.0,0.33448,212.0,0.33252,1823.0,0.3345,2500.0,0.3325,212.0,0.33451,212.0,0.33249,4502.0,0.33454,212.0,0.33247,212.0,0.33456,4499.0,0.33244,212.0,0.33457,212.0,0.33243,8139.0,0.3346,212.0,0.33241,212.0,0.33463,212.0,0.33238,212.0,0.33466,212.0
1756673191.0888124,1756673190554,1756673190554,0.33351,3004.0,0.33402,2328.0,0.3335,2990.0,0.3342,173.0,0.33312,209.0,0.33422,4499.0,0.33309,4703.0,0.33425,210.0,0.33306,209.0,0.33428,210.0,0.33305,1877.0,0.33431,210.0,0.33303,3199.0,0.33434,210.0,0.333,209.0,0.33437,212.0,0.33297,209.0,0.3344,212.0,0.33294,209.0,0.33442,212.0,0.33292,1248.0,0.33445,212.0,0.33291,209.0,0.33448,212.0,0.33266,3947.0,0.3345,2500.0,0.33265,210.0,0.33451,212.0,0.33262,211.0,0.33454,212.0,0.33259,211.0,0.33456,4499.0,0.33256,212.0,0.33457,212.0,0.33254,61.0,0.3346,212.0,0.33253,212.0,0.33463,212.0,0.33252,1823.0,0.33466,212.0
1756673191.7121348,1756673191069,1756673191069,0.33352,208.0,0.33416,104.0,0.33351,4670.0,0.3342,173.0,0.33312,209.0,0.33422,4499.0,0.33309,4703.0,0.33448,212.0,0.33306,209.0,0.3345,2500.0,0.33303,3199.0,0.33451,212.0,0.333,209.0,0.33454,212.0,0.33297,209.0,0.33456,4499.0,0.33294,1437.0,0.33457,212.0,0.33292,5331.0,0.3346,212.0,0.33291,209.0,0.33463,212.0,0.33288,209.0,0.33466,212.0,0.33285,209.0,0.33469,212.0,0.33282,209.0,0.33472,212.0,0.33279,209.0,0.33473,211.0,0.33276,209.0,0.33476,211.0,0.33273,209.0,0.33479,211.0,0.3327,209.0,0.33482,211.0,0.33268,209.0,0.33485,211.0,0.33266,3947.0,0.33488,211.0
1756673192.158072,1756673191586,1756673191586,0.33353,3370.0,0.33413,104.0,0.33352,208.0,0.33422,4499.0,0.33351,1874.0,0.33428,104.0,0.33312,209.0,0.33448,385.0,0.33311,1823.0,0.3345,2500.0,0.33309,4703.0,0.33451,212.0,0.33306,209.0,0.33454,212.0,0.33303,3199.0,0.33456,4499.0,0.333,209.0,0.33457,212.0,0.33297,209.0,0.3346,212.0,0.33294,1437.0,0.33463,212.0,0.33292,5331.0,0.33466,212.0,0.33291,209.0,0.33469,212.0,0.33288,209.0,0.33472,212.0,0.33285,209.0,0.33473,211.0,0.33282,209.0,0.33476,211.0,0.33279,209.0,0.33479,211.0,0.33276,209.0,0.33482,211.0,0.33273,209.0,0.33485,211.0,0.3327,209.0,0.33488,211.0
1756673192.768853,1756673192141,1756673192141,0.33354,208.0,0.33412,3370.0,0.33353,3370.0,0.33424,120.0,0.33351,1874.0,0.33425,104.0,0.33315,209.0,0.33448,385.0,0.33312,209.0,0.3345,2500.0,0.33311,1823.0,0.33451,212.0,0.33309,4703.0,0.33454,212.0,0.33306,209.0,0.33456,4499.0,0.33303,3199.0,0.33457,212.0,0.333,209.0,0.3346,212.0,0.33297,209.0,0.33463,212.0,0.33294,1437.0,0.33466,212.0,0.33292,5331.0,0.33469,212.0,0.33291,209.0,0.33472,212.0,0.33288,209.0,0.33473,211.0,0.33285,209.0,0.33476,211.0,0.33282,209.0,0.33479,211.0,0.33279,209.0,0.33482,211.0,0.33276,209.0,0.33485,211.0,0.33273,209.0,0.33488,211.0
1756673193.3311553,1756673192648,1756673192648,0.33354,3578.0,0.33412,3370.0,0.33315,209.0,0.33424,104.0,0.33312,2085.0,0.33448,385.0,0.33311,1823.0,0.3345,2500.0,0.33309,4703.0,0.33451,212.0,0.33306,209.0,0.33454,212.0,0.33303,3199.0,0.33456,4499.0,0.333,209.0,0.33457,212.0,0.33297,209.0,0.3346,212.0,0.33294,1437.0,0.33463,212.0,0.33292,5331.0,0.33466,212.0,0.33291,209.0,0.33469,212.0,0.33288,209.0,0.33472,212.0,0.33285,209.0,0.33473,211.0,0.33282,209.0,0.33476,211.0,0.33279,209.0,0.33479,211.0,0.33276,209.0,0.33481,1867.0,0.33273,209.0,0.33482,211.0,0.3327,209.0,0.33485,211.0,0.33268,209.0,0.33488,211.0
1756673193.7977414,1756673193166,1756673193166,0.33354,3473.0,0.33412,3370.0,0.33315,209.0,0.33424,104.0,0.33312,2085.0,0.33448,385.0,0.33311,1823.0,0.3345,2500.0,0.33309,4703.0,0.33451,212.0,0.33306,209.0,0.33454,212.0,0.33303,3199.0,0.33456,4499.0,0.333,209.0,0.33457,212.0,0.33297,209.0,0.3346,212.0,0.33294,1437.0,0.33463,212.0,0.33292,5331.0,0.33466,212.0,0.33291,209.0,0.33469,212.0,0.33288,209.0,0.33472,212.0,0.33285,209.0,0.33473,211.0,0.33282,209.0,0.33476,211.0,0.33279,209.0,0.33479,211.0,0.33276,209.0,0.33481,1867.0,0.33273,209.0,0.33482,211.0,0.3327,209.0,0.33485,211.0,0.33268,209.0,0.33488,211.0
1756673194.2809508,1756673193760,1756673193760,0.33354,3473.0,0.33411,3370.0,0.33315,209.0,0.33423,104.0,0.33314,1823.0,0.33441,120.0,0.33313,1876.0,0.33448,385.0,0.33312,209.0,0.3345,2500.0,0.33309,4703.0,0.33451,212.0,0.33306,209.0,0.33454,212.0,0.33303,3199.0,0.33456,4499.0,0.333,209.0,0.33457,212.0,0.33297,209.0,0.3346,212.0,0.33294,1437.0,0.33463,212.0,0.33292,5331.0,0.33466,212.0,0.33291,209.0,0.33469,212.0,0.33288,209.0,0.33472,212.0,0.33285,209.0,0.33473,211.0,0.33282,209.0,0.33476,211.0,0.33279,209.0,0.33479,211.0,0.33276,209.0,0.3348,1867.0,0.33273,209.0,0.33482,211.0,0.3327,209.0,0.33485,211.0
1756673194.8575425,1756673194307,1756673194307,0.33356,3473.0,0.3341,2996.0,0.33315,1823.0,0.33423,104.0,0.33309,4494.0,0.33441,120.0,0.33282,209.0,0.33448,385.0,0.33279,209.0,0.3345,2500.0,0.33276,209.0,0.33451,212.0,0.33273,209.0,0.33454,212.0,0.3327,209.0,0.33456,4499.0,0.33268,209.0,0.33457,212.0,0.33265,210.0,0.3346,212.0,0.33262,211.0,0.33463,212.0,0.33259,211.0,0.33466,212.0,0.33256,212.0,0.33469,212.0,0.33254,61.0,0.33472,212.0,0.33253,212.0,0.33473,211.0,0.3325,212.0,0.33476,211.0,0.33249,4502.0,0.33479,211.0,0.33247,212.0,0.33482,211.0,0.33244,212.0,0.33485,211.0,0.33243,3040.0,0.33488,211.0
1756673195.4856312,1756673194860,1756673194860,0.33356,3473.0,0.33422,4180.0,0.33316,2990.0,0.33448,173.0,0.33315,3699.0,0.3345,2500.0,0.33309,4494.0,0.33451,212.0,0.33304,208.0,0.33454,212.0,0.33301,208.0,0.33456,4499.0,0.33298,208.0,0.33457,212.0,0.33295,208.0,0.33459,1868.0,0.33292,208.0,0.3346,212.0,0.33289,208.0,0.33463,212.0,0.33286,208.0,0.33466,212.0,0.33282,209.0,0.33469,212.0,0.33279,209.0,0.33472,212.0,0.33276,209.0,0.33473,211.0,0.33273,209.0,0.33476,211.0,0.3327,209.0,0.33479,211.0,0.33268,209.0,0.33482,211.0,0.33265,210.0,0.33485,211.0,0.33262,1488.0,0.33488,211.0,0.3326,4261.0,0.3349,4499.0
1756673195.9439123,1756673195378,1756673195378,0.33356,3473.0,0.33407,2007.0,0.33316,208.0,0.3342,104.0,0.33315,3699.0,0.33421,104.0,0.33313,208.0,0.33448,381.0,0.33311,208.0,0.3345,2500.0,0.3331,208.0,0.33451,212.0,0.33309,4494.0,0.33454,212.0,0.33307,208.0,0.33456,4499.0,0.33304,208.0,0.33457,212.0,0.33301,208.0,0.33459,1868.0,0.33298,208.0,0.3346,212.0,0.33295,208.0,0.33463,212.0,0.33292,208.0,0.33466,212.0,0.33289,208.0,0.33469,212.0,0.33286,208.0,0.33472,212.0,0.33282,209.0,0.33473,211.0,0.33279,209.0,0.33476,211.0,0.33276,209.0,0.33479,211.0,0.33273,209.0,0.33482,211.0,0.3327,209.0,0.33485,211.0
1756673196.6484668,1756673195980,1756673195980,0.33356,3473.0,0.33407,2007.0,0.33319,208.0,0.33444,208.0,0.33316,208.0,0.33448,381.0,0.33315,1823.0,0.3345,2500.0,0.33313,208.0,0.33451,212.0,0.33311,208.0,0.33454,212.0,0.3331,208.0,0.33456,4499.0,0.33309,4494.0,0.33457,212.0,0.33307,208.0,0.3346,212.0,0.33304,208.0,0.33461,4266.0,0.33301,208.0,0.33463,212.0,0.33298,208.0,0.33466,212.0,0.33295,208.0,0.33469,212.0,0.33292,208.0,0.33472,212.0,0.33289,208.0,0.33473,211.0,0.33286,208.0,0.33476,211.0,0.33282,209.0,0.33479,211.0,0.33279,209.0,0.33481,1867.0,0.33276,209.0,0.33482,211.0,0.33273,209.0,0.33485,211.0
1756673197.140154,1756673196492,1756673196492,0.33356,3473.0,0.33406,1671.0,0.33319,208.0,0.33444,208.0,0.33316,208.0,0.33448,381.0,0.33313,208.0,0.3345,2500.0,0.33311,208.0,0.33451,212.0,0.3331,208.0,0.33454,212.0,0.33309,4494.0,0.33456,4499.0,0.33307,208.0,0.33457,212.0,0.33304,208.0,0.3346,212.0,0.33301,208.0,0.33461,4266.0,0.33298,208.0,0.33463,212.0,0.33295,4155.0,0.33466,212.0,0.33292,208.0,0.33469,212.0,0.33289,208.0,0.33472,212.0,0.33286,208.0,0.33473,211.0,0.33282,209.0,0.33476,211.0,0.33279,209.0,0.33479,211.0,0.33278,1823.0,0.33482,211.0,0.33276,209.0,0.33485,211.0,0.33273,209.0,0.33488,211.0
1756673197.7818499,1756673197145,1756673197145,0.33358,103.0,0.33405,1334.0,0.33357,1874.0,0.33442,207.0,0.33319,208.0,0.33445,207.0,0.33316,208.0,0.33448,380.0,0.33313,208.0,0.3345,2500.0,0.33311,208.0,0.33451,207.0,0.3331,208.0,0.33456,4499.0,0.33309,4494.0,0.33457,207.0,0.33307,208.0,0.3346,207.0,0.33305,4070.0,0.33469,212.0,0.33304,208.0,0.33472,212.0,0.33301,208.0,0.33473,211.0,0.33298,208.0,0.33476,211.0,0.33296,2990.0,0.33479,211.0,0.33295,4155.0,0.33482,211.0,0.33292,208.0,0.33485,211.0,0.33289,208.0,0.33488,211.0,0.33286,208.0,0.3349,4499.0,0.33282,209.0,0.33491,211.0,0.33279,209.0,0.33494,211.0
1756673198.2029812,1756673197611,1756673197611,0.33359,1257.0,0.33448,173.0,0.33358,103.0,0.3345,2500.0,0.33357,1874.0,0.33454,103.0,0.33319,208.0,0.33456,4499.0,0.33316,208.0,0.33469,212.0,0.33313,208.0,0.33472,212.0,0.33311,208.0,0.33473,211.0,0.3331,208.0,0.33476,211.0,0.33309,4494.0,0.33479,211.0,0.33307,1465.0,0.33482,211.0,0.33305,4070.0,0.33485,211.0,0.33304,208.0,0.33488,211.0,0.33301,208.0,0.3349,4499.0,0.33298,208.0,0.33491,211.0,0.33296,2990.0,0.33494,211.0,0.33295,4155.0,0.33497,211.0,0.33292,208.0,0.335,5211.0,0.33289,208.0,0.33503,211.0,0.33286,208.0,0.33506,211.0,0.33285,207.0,0.33507,209.0
1756673198.7579584,1756673198180,1756673198180,0.3336,103.0,0.33441,3368.0,0.33359,4625.0,0.33448,173.0,0.33357,1874.0,0.3345,2500.0,0.33322,207.0,0.33454,103.0,0.33319,208.0,0.33456,4499.0,0.33316,208.0,0.33476,211.0,0.33313,208.0,0.33479,211.0,0.33311,208.0,0.33482,211.0,0.3331,208.0,0.33485,211.0,0.33309,4494.0,0.33488,211.0,0.33307,1465.0,0.3349,4499.0,0.33305,4070.0,0.33491,211.0,0.33304,208.0,0.33494,211.0,0.33301,208.0,0.33497,211.0,0.33298,208.0,0.335,5211.0,0.33296,2990.0,0.33503,211.0,0.33295,4155.0,0.33506,211.0,0.33292,208.0,0.33507,209.0,0.33289,208.0,0.33508,4082.0,0.33286,208.0,0.3351,209.0
1756673199.2851713,1756673198683,1756673198683,0.33361,3368.0,0.33441,3368.0,0.3336,103.0,0.33448,173.0,0.33357,1874.0,0.3345,2500.0,0.33322,207.0,0.33453,103.0,0.33319,208.0,0.33456,4499.0,0.33316,208.0,0.33476,211.0,0.33313,2031.0,0.33479,211.0,0.33311,208.0,0.33482,211.0,0.3331,208.0,0.33484,120.0,0.33309,4494.0,0.33485,211.0,0.33307,1465.0,0.33488,211.0,0.33304,208.0,0.3349,4499.0,0.33301,208.0,0.33491,211.0,0.33298,208.0,0.33494,211.0,0.33296,2990.0,0.33497,211.0,0.33295,4155.0,0.335,5211.0,0.33292,208.0,0.33503,211.0,0.33289,208.0,0.33506,211.0,0.33286,208.0,0.33507,209.0,0.33285,207.0,0.33508,4082.0
1756673199.7667384,1756673199226,1756673199226,0.33363,3368.0,0.33439,173.0,0.33362,4112.0,0.33441,3285.0,0.33357,1874.0,0.3345,2500.0,0.33325,207.0,0.33456,4499.0,0.33322,207.0,0.33476,211.0,0.33319,208.0,0.33479,211.0,0.33316,208.0,0.33482,211.0,0.33313,2031.0,0.33485,211.0,0.33311,208.0,0.33488,211.0,0.3331,208.0,0.3349,4499.0,0.33309,4494.0,0.33491,211.0,0.33307,1465.0,0.33494,211.0,0.33304,208.0,0.33497,211.0,0.33301,208.0,0.335,5211.0,0.33298,208.0,0.33503,211.0,0.33296,2990.0,0.33506,211.0,0.33295,4155.0,0.33507,209.0,0.33292,208.0,0.33508,4082.0,0.33289,208.0,0.3351,209.0,0.33286,208.0,0.33513,209.0
1756673200.3131642,1756673199833,1756673199833,0.33364,1262.0,0.33438,3368.0,0.33363,3368.0,0.33439,173.0,0.33357,1874.0,0.3345,2500.0,0.33325,207.0,0.33451,103.0,0.33322,207.0,0.33456,4499.0,0.33319,208.0,0.33476,211.0,0.33316,208.0,0.33479,211.0,0.33313,2031.0,0.33482,211.0,0.33311,208.0,0.33485,211.0,0.3331,208.0,0.33488,211.0,0.33309,4494.0,0.3349,4499.0,0.33307,1465.0,0.33491,211.0,0.33304,208.0,0.33494,211.0,0.33301,208.0,0.33497,211.0,0.33298,208.0,0.335,5211.0,0.33296,2990.0,0.33503,211.0,0.33295,4155.0,0.33506,211.0,0.33292,208.0,0.33507,209.0,0.33289,208.0,0.33508,4082.0,0.33286,208.0,0.3351,209.0
1756673200.8557918,1756673200349,1756673200349,0.33365,3401.0,0.33436,173.0,0.33364,1262.0,0.3345,2603.0,0.33357,1874.0,0.33456,4499.0,0.33325,207.0,0.33476,211.0,0.33322,207.0,0.33479,211.0,0.33319,208.0,0.33482,211.0,0.33316,208.0,0.33485,211.0,0.33313,2031.0,0.33488,211.0,0.33311,208.0,0.3349,4499.0,0.3331,208.0,0.33491,211.0,0.33309,4494.0,0.33494,211.0,0.33307,1465.0,0.33497,211.0,0.33304,208.0,0.335,5211.0,0.33301,208.0,0.33503,211.0,0.33298,208.0,0.33506,211.0,0.33296,2990.0,0.33507,209.0,0.33295,4155.0,0.33508,4082.0,0.33292,208.0,0.3351,209.0,0.33289,208.0,0.33513,209.0,0.33286,208.0,0.33516,209.0
1756673201.510338,1756673200927,1756673200927,0.33367,3368.0,0.33435,3401.0,0.33366,5419.0,0.33436,173.0,0.33357,1874.0,0.3345,2500.0,0.33328,206.0,0.33456,4499.0,0.33325,207.0,0.33473,206.0,0.33322,207.0,0.33476,211.0,0.33319,208.0,0.33479,211.0,0.33316,208.0,0.33482,211.0,0.33313,208.0,0.33485,211.0,0.33311,2031.0,0.33488,211.0,0.3331,208.0,0.3349,4499.0,0.33309,4494.0,0.33491,211.0,0.33307,1465.0,0.33494,211.0,0.33304,208.0,0.33497,211.0,0.33301,208.0,0.335,5211.0,0.33298,208.0,0.33503,211.0,0.33296,2990.0,0.33506,211.0,0.33295,4155.0,0.33507,209.0,0.33292,208.0,0.33508,4082.0,0.33289,208.0,0.3351,209.0
1756673202.0505989,1756673201501,1756673201501,0.33368,33.0,0.33434,33.0,0.33367,3368.0,0.33436,173.0,0.33366,4118.0,0.3345,2500.0,0.33357,1874.0,0.33456,4499.0,0.33328,206.0,0.33469,120.0,0.33325,207.0,0.33473,206.0,0.33322,207.0,0.33476,211.0,0.33319,208.0,0.33479,211.0,0.33316,208.0,0.33482,211.0,0.33313,208.0,0.33485,211.0,0.33311,2031.0,0.33488,211.0,0.3331,208.0,0.3349,4499.0,0.33309,4494.0,0.33491,211.0,0.33307,1465.0,0.33494,211.0,0.33304,208.0,0.33497,211.0,0.33301,208.0,0.335,5211.0,0.33298,208.0,0.33503,211.0,0.33296,2990.0,0.33506,211.0,0.33295,4155.0,0.33507,209.0,0.33292,208.0,0.33508,4082.0
1756673202.7497232,1756673202142,1756673202142,0.33369,3148.0,0.33433,3422.0,0.33368,1306.0,0.33435,33.0,0.33357,1874.0,0.3345,2500.0,0.33331,206.0,0.33456,4499.0,0.33328,206.0,0.3347,206.0,0.33325,207.0,0.33473,206.0,0.33322,207.0,0.33476,211.0,0.33319,208.0,0.33479,211.0,0.33316,208.0,0.33482,211.0,0.33313,208.0,0.33485,211.0,0.33311,2031.0,0.33488,211.0,0.3331,208.0,0.3349,4499.0,0.33309,4494.0,0.33491,211.0,0.33307,1465.0,0.33494,211.0,0.33304,208.0,0.33497,211.0,0.33301,208.0,0.335,5211.0,0.33298,208.0,0.33503,211.0,0.33296,2990.0,0.33506,211.0,0.33295,4155.0,0.33507,209.0,0.33292,208.0,0.33508,4082.0
1756673203.2379873,1756673202642,1756673202642,0.33371,3368.0,0.33432,33.0,0.3337,4212.0,0.33433,3422.0,0.33331,206.0,0.3345,2500.0,0.33328,206.0,0.33456,4499.0,0.33325,207.0,0.33473,206.0,0.33322,207.0,0.33476,211.0,0.33319,208.0,0.33479,211.0,0.33316,208.0,0.33482,211.0,0.33313,208.0,0.33485,211.0,0.33311,2031.0,0.33488,211.0,0.3331,208.0,0.3349,4499.0,0.33309,4494.0,0.33491,211.0,0.33307,1465.0,0.33494,211.0,0.33304,208.0,0.33497,211.0,0.33301,208.0,0.335,5211.0,0.33298,208.0,0.33503,211.0,0.33296,2990.0,0.33506,211.0,0.33295,4155.0,0.33507,209.0,0.33292,208.0,0.33508,4082.0,0.33289,208.0,0.3351,209.0
1756673203.660526,1756673203157,1756673203157,0.33372,33.0,0.33431,3368.0,0.33371,3368.0,0.33432,33.0,0.3337,5400.0,0.33433,173.0,0.33334,206.0,0.3345,2500.0,0.33331,206.0,0.33456,4499.0,0.33328,206.0,0.33473,206.0,0.33325,207.0,0.33476,211.0,0.33322,207.0,0.33479,211.0,0.33319,208.0,0.33482,211.0,0.33316,208.0,0.33485,211.0,0.33313,208.0,0.33488,211.0,0.33311,2031.0,0.3349,4499.0,0.3331,208.0,0.33491,211.0,0.33309,4494.0,0.33494,211.0,0.33307,1465.0,0.33497,211.0,0.33304,208.0,0.335,5211.0,0.33301,208.0,0.33503,211.0,0.33298,208.0,0.33506,211.0,0.33296,2990.0,0.33507,209.0,0.33295,4155.0,0.3351,209.0
1756673204.3244417,1756673203695,1756673203695,0.33374,33.0,0.33429,2397.0,0.33373,7586.0,0.3343,33.0,0.33334,206.0,0.3345,2500.0,0.33331,206.0,0.33456,4499.0,0.33328,206.0,0.33479,211.0,0.33325,207.0,0.33482,211.0,0.33322,207.0,0.33485,211.0,0.33319,208.0,0.33488,384.0,0.33316,208.0,0.3349,4499.0,0.33313,208.0,0.33491,211.0,0.33311,2031.0,0.33494,211.0,0.3331,208.0,0.33497,211.0,0.33309,4494.0,0.335,5211.0,0.33307,1465.0,0.33503,211.0,0.33304,208.0,0.33506,211.0,0.33301,208.0,0.33507,209.0,0.33298,208.0,0.3351,209.0,0.33296,2990.0,0.33513,209.0,0.33295,4155.0,0.33516,209.0,0.33292,208.0,0.33519,209.0
1756673204.940025,1756673204273,1756673204273,0.33375,3343.0,0.33428,33.0,0.33374,4229.0,0.33429,2397.0,0.33373,2990.0,0.3345,2500.0,0.33337,205.0,0.33455,120.0,0.33334,206.0,0.33456,4499.0,0.33331,206.0,0.33479,211.0,0.33328,206.0,0.33482,211.0,0.33325,207.0,0.33485,211.0,0.33322,207.0,0.33488,384.0,0.33319,208.0,0.3349,4499.0,0.33316,208.0,0.33491,211.0,0.33313,208.0,0.33494,211.0,0.33311,2031.0,0.33497,211.0,0.3331,208.0,0.335,5211.0,0.33309,4494.0,0.33503,211.0,0.33307,1465.0,0.33506,211.0,0.33304,208.0,0.33507,209.0,0.33301,208.0,0.3351,209.0,0.33298,208.0,0.33513,209.0,0.33296,2990.0,0.33516,209.0
1756673205.457384,1756673204852,1756673204852,0.33376,33.0,0.33439,102.0,0.33375,5216.0,0.3344,102.0,0.33337,205.0,0.3345,2500.0,0.33334,206.0,0.33456,4499.0,0.33331,206.0,0.33465,205.0,0.33328,206.0,0.33468,205.0,0.33325,207.0,0.33471,205.0,0.33322,207.0,0.33474,205.0,0.33319,208.0,0.33476,205.0,0.33316,208.0,0.33479,211.0,0.33313,208.0,0.33482,211.0,0.33311,2031.0,0.33485,211.0,0.3331,208.0,0.33488,384.0,0.33309,4494.0,0.3349,4499.0,0.33307,1465.0,0.33491,211.0,0.33304,208.0,0.33494,211.0,0.33301,208.0,0.33497,211.0,0.33298,208.0,0.335,5211.0,0.33296,2990.0,0.33503,211.0,0.33295,208.0,0.33506,211.0
1756673205.994327,1756673205371,1756673205371,0.33377,2214.0,0.33439,102.0,0.33376,33.0,0.33448,173.0,0.33337,205.0,0.3345,2500.0,0.33335,1875.0,0.33451,102.0,0.33334,206.0,0.33456,4499.0,0.33331,206.0,0.33465,205.0,0.33328,206.0,0.33468,205.0,0.33325,207.0,0.33471,205.0,0.33322,207.0,0.33474,205.0,0.33319,208.0,0.33476,4379.0,0.33316,208.0,0.33479,211.0,0.33313,208.0,0.33482,211.0,0.33311,2031.0,0.33485,211.0,0.3331,208.0,0.33487,1866.0,0.33309,4494.0,0.33488,211.0,0.33307,1465.0,0.3349,4499.0,0.33304,208.0,0.33491,211.0,0.33301,208.0,0.33494,211.0,0.33298,208.0,0.33497,211.0,0.33296,2990.0,0.335,5211.0
1756673206.5461257,1756673205924,1756673205924,0.33379,3367.0,0.33438,4225.0,0.33378,33.0,0.33439,102.0,0.33335,1875.0,0.33448,173.0,0.33319,208.0,0.3345,2500.0,0.33316,208.0,0.33451,102.0,0.33313,2031.0,0.33456,4499.0,0.33311,208.0,0.33465,205.0,0.3331,208.0,0.33468,205.0,0.33309,4494.0,0.33471,205.0,0.33307,208.0,0.33474,205.0,0.33304,208.0,0.33476,205.0,0.33301,208.0,0.33479,211.0,0.33298,208.0,0.33482,211.0,0.33296,2990.0,0.33485,211.0,0.33295,208.0,0.33488,211.0,0.33292,208.0,0.3349,4499.0,0.3329,1258.0,0.33491,211.0,0.33289,208.0,0.33494,211.0,0.33286,208.0,0.33497,211.0,0.33285,207.0,0.335,5211.0
1756673207.1174343,1756673206527,1756673206527,0.3338,33.0,0.33438,4225.0,0.33379,3367.0,0.33439,102.0,0.33335,1875.0,0.33448,173.0,0.33316,208.0,0.3345,2500.0,0.33313,2031.0,0.33456,4499.0,0.33311,208.0,0.33465,205.0,0.3331,208.0,0.33467,1868.0,0.33309,4494.0,0.33468,205.0,0.33307,208.0,0.33471,205.0,0.33304,208.0,0.33474,205.0,0.33301,208.0,0.33476,205.0,0.33298,208.0,0.33479,211.0,0.33295,208.0,0.33482,211.0,0.33292,208.0,0.33485,211.0,0.3329,1258.0,0.33488,211.0,0.33289,208.0,0.3349,4499.0,0.33286,208.0,0.33491,211.0,0.33285,207.0,0.33494,211.0,0.33284,4068.0,0.33497,211.0,0.33282,209.0,0.335,5211.0
1756673207.7345936,1756673207143,1756673207143,0.33382,33.0,0.33438,4225.0,0.33381,3367.0,0.33439,102.0,0.33317,1876.0,0.33448,173.0,0.33313,1823.0,0.3345,2500.0,0.3331,208.0,0.33456,4499.0,0.33309,4494.0,0.33465,205.0,0.33307,208.0,0.33467,1868.0,0.33304,208.0,0.33468,205.0,0.33301,208.0,0.33471,205.0,0.33298,208.0,0.33474,205.0,0.33295,208.0,0.33476,205.0,0.33292,208.0,0.33479,211.0,0.3329,1258.0,0.33482,211.0,0.33289,208.0,0.33485,211.0,0.33286,208.0,0.33488,211.0,0.33285,207.0,0.3349,4499.0,0.33284,4068.0,0.33491,211.0,0.33282,209.0,0.33494,211.0,0.33279,209.0,0.33497,211.0,0.33276,209.0,0.335,5211.0
1756673208.306959,1756673207708,1756673207708,0.33383,3367.0,0.33436,173.0,0.33382,33.0,0.33438,4225.0,0.33317,1876.0,0.33439,102.0,0.33313,1823.0,0.3345,2500.0,0.3331,208.0,0.33456,4499.0,0.33309,4494.0,0.33465,205.0,0.33307,208.0,0.33467,1868.0,0.33304,208.0,0.33468,205.0,0.33301,208.0,0.33471,205.0,0.33298,208.0,0.33474,205.0,0.33295,208.0,0.33476,205.0,0.33292,208.0,0.33479,211.0,0.3329,1258.0,0.33482,211.0,0.33289,208.0,0.33485,211.0,0.33286,208.0,0.33488,211.0,0.33285,207.0,0.3349,4499.0,0.33284,4068.0,0.33491,211.0,0.33282,209.0,0.33494,211.0,0.33279,209.0,0.33497,211.0,0.33276,209.0,0.335,5211.0
1756673209.0177631,1756673208393,1756673208393,0.33384,33.0,0.33436,173.0,0.33383,3367.0,0.33439,102.0,0.33335,204.0,0.3345,2500.0,0.33332,205.0,0.33456,4499.0,0.33329,205.0,0.33462,120.0,0.33326,205.0,0.33465,205.0,0.33325,204.0,0.33468,205.0,0.33321,205.0,0.33471,205.0,0.3332,205.0,0.33474,205.0,0.33319,1823.0,0.33476,205.0,0.33317,205.0,0.33479,211.0,0.33314,205.0,0.33482,211.0,0.33313,204.0,0.33485,211.0,0.3331,208.0,0.33488,211.0,0.33309,4494.0,0.3349,4499.0,0.33307,208.0,0.33491,211.0,0.33304,208.0,0.33494,211.0,0.33301,208.0,0.33497,211.0,0.33298,208.0,0.335,5211.0,0.33295,208.0,0.33503,211.0
1756673209.4124932,1756673208896,1756673208896,0.33384,3326.0,0.33436,173.0,0.33343,4490.0,0.33439,102.0,0.33335,204.0,0.3345,2500.0,0.33332,205.0,0.33456,4499.0,0.33329,205.0,0.33465,205.0,0.33326,205.0,0.33468,205.0,0.33325,204.0,0.33471,205.0,0.33321,205.0,0.33474,205.0,0.3332,205.0,0.33476,205.0,0.33319,1823.0,0.33479,211.0,0.33318,1876.0,0.33482,211.0,0.33317,205.0,0.33485,211.0,0.33314,205.0,0.33487,1866.0,0.33313,204.0,0.33488,211.0,0.3331,208.0,0.3349,8668.0,0.33309,4494.0,0.33491,211.0,0.33307,208.0,0.33494,211.0,0.33304,208.0,0.33497,211.0,0.33301,208.0,0.335,5211.0,0.33298,208.0,0.33503,211.0
1756673209.9865386,1756673209408,1756673209408,0.33384,3326.0,0.33439,102.0,0.33343,4490.0,0.33448,173.0,0.33335,204.0,0.3345,2500.0,0.33333,1875.0,0.33456,4499.0,0.33332,205.0,0.33465,205.0,0.33329,205.0,0.33468,205.0,0.33326,205.0,0.33471,205.0,0.33325,204.0,0.33474,205.0,0.33324,204.0,0.33476,205.0,0.33321,205.0,0.33479,211.0,0.3332,205.0,0.33482,211.0,0.33319,1823.0,0.33485,211.0,0.33317,205.0,0.33487,1866.0,0.33314,205.0,0.33488,211.0,0.33313,204.0,0.3349,8668.0,0.3331,208.0,0.33491,211.0,0.33309,4494.0,0.33494,211.0,0.33307,208.0,0.33497,211.0,0.33304,208.0,0.335,5211.0,0.33301,208.0,0.33503,211.0
1756673210.5226345,1756673209956,1756673209956,0.33384,3326.0,0.33439,102.0,0.33347,204.0,0.33448,173.0,0.33344,204.0,0.3345,2500.0,0.33343,4490.0,0.33451,102.0,0.33341,204.0,0.33456,4499.0,0.33338,204.0,0.33465,205.0,0.33335,204.0,0.33468,205.0,0.33333,1875.0,0.33471,205.0,0.33332,205.0,0.33474,205.0,0.33329,205.0,0.33476,205.0,0.33326,205.0,0.33479,211.0,0.33325,204.0,0.33482,211.0,0.33321,205.0,0.33485,211.0,0.3332,205.0,0.33487,1866.0,0.33319,1823.0,0.33488,211.0,0.33317,205.0,0.3349,8668.0,0.33314,205.0,0.33491,211.0,0.33313,204.0,0.33494,211.0,0.3331,208.0,0.33497,211.0,0.33309,4494.0,0.335,5211.0
1756673211.0358052,1756673210489,1756673210489,0.33385,33.0,0.33439,102.0,0.33384,3229.0,0.33448,173.0,0.33347,204.0,0.3345,2500.0,0.33345,1823.0,0.33451,102.0,0.33344,204.0,0.33456,4499.0,0.33343,4490.0,0.33465,205.0,0.33341,204.0,0.33468,205.0,0.33338,204.0,0.33471,205.0,0.33335,204.0,0.33474,205.0,0.33333,1875.0,0.33476,205.0,0.33332,205.0,0.33479,211.0,0.33329,205.0,0.33482,211.0,0.33326,205.0,0.33485,211.0,0.33325,204.0,0.33487,1866.0,0.33321,205.0,0.33488,211.0,0.3332,205.0,0.3349,8668.0,0.33317,205.0,0.33491,211.0,0.33314,205.0,0.33494,211.0,0.33313,204.0,0.33497,211.0,0.3331,208.0,0.335,5211.0
1756673211.6033242,1756673211016,1756673211016,0.33386,3189.0,0.33438,33.0,0.33385,33.0,0.33439,102.0,0.33347,204.0,0.33448,173.0,0.33345,1823.0,0.3345,2500.0,0.33344,204.0,0.33451,102.0,0.33343,4490.0,0.33456,4499.0,0.33341,204.0,0.33465,205.0,0.33338,204.0,0.33468,205.0,0.33335,204.0,0.33471,205.0,0.33333,1875.0,0.33474,205.0,0.33332,205.0,0.33476,205.0,0.33329,205.0,0.33479,211.0,0.33326,205.0,0.33482,211.0,0.33325,204.0,0.33485,211.0,0.33324,204.0,0.33487,1866.0,0.33321,205.0,0.33488,211.0,0.3332,205.0,0.3349,8668.0,0.33317,205.0,0.33491,211.0,0.33314,205.0,0.33494,211.0,0.33313,204.0,0.33497,211.0
1756673212.109112,1756673211567,1756673211567,0.33388,2338.0,0.33437,4170.0,0.33387,33.0,0.33438,33.0,0.33345,1823.0,0.33439,102.0,0.33343,4490.0,0.33448,173.0,0.33333,1875.0,0.3345,2500.0,0.33321,205.0,0.33456,4499.0,0.3332,205.0,0.33465,205.0,0.33317,205.0,0.33467,1868.0,0.33314,205.0,0.33468,205.0,0.33313,204.0,0.33471,205.0,0.3331,208.0,0.33474,205.0,0.33309,4494.0,0.33476,205.0,0.33307,208.0,0.33479,211.0,0.33304,208.0,0.33482,211.0,0.33301,208.0,0.33485,211.0,0.33298,208.0,0.33488,211.0,0.33295,208.0,0.3349,4499.0,0.33292,208.0,0.33491,211.0,0.3329,1258.0,0.33494,211.0,0.33289,208.0,0.33497,211.0
1756673212.6539857,1756673212071,1756673212071,0.33388,2248.0,0.33437,3866.0,0.33345,1823.0,0.33439,102.0,0.33343,4490.0,0.33448,173.0,0.33333,1875.0,0.3345,2500.0,0.33321,205.0,0.33456,4499.0,0.3332,205.0,0.33465,205.0,0.33317,205.0,0.33467,1868.0,0.33314,205.0,0.33468,205.0,0.33313,204.0,0.33471,205.0,0.3331,208.0,0.33474,205.0,0.33309,4494.0,0.33476,205.0,0.33307,208.0,0.33479,211.0,0.33304,208.0,0.33482,211.0,0.33301,208.0,0.33485,211.0,0.33298,208.0,0.33488,211.0,0.33295,208.0,0.3349,4499.0,0.33292,208.0,0.33491,211.0,0.3329,1258.0,0.33494,211.0,0.33289,208.0,0.33497,211.0,0.33286,208.0,0.335,5211.0
1756673213.2089899,1756673212608,1756673212608,0.33345,1823.0,0.33437,3866.0,0.33343,4490.0,0.33439,102.0,0.33317,205.0,0.33449,1869.0,0.33314,205.0,0.3345,2500.0,0.33313,204.0,0.33456,4499.0,0.3331,2084.0,0.33465,205.0,0.33309,4494.0,0.33468,205.0,0.33307,208.0,0.33471,205.0,0.33304,208.0,0.33474,205.0,0.33301,208.0,0.33476,205.0,0.33298,208.0,0.33479,211.0,0.33295,208.0,0.33482,211.0,0.33292,208.0,0.33485,211.0,0.3329,1258.0,0.33486,19696.0,0.33289,208.0,0.33488,384.0,0.33286,208.0,0.3349,4499.0,0.33285,207.0,0.33491,211.0,0.33282,209.0,0.33494,211.0,0.33279,209.0,0.33497,211.0,0.33276,209.0,0.335,5211.0
