timestamp,price,size,side,exchange_timestamp
1756673126.7443192,0.33197,3992.0,bid,1756673126089
1756673126.7443192,0.33226,293.0,ask,1756673126089
1756673127.7217672,0.33195,4499.0,bid,1756673127205
1756673127.7217672,0.33198,6188.0,ask,1756673127205
1756673128.0732121,0.33193,113.0,bid,1756673127535
1756673128.0732121,0.33198,6188.0,ask,1756673127535
1756673128.2182665,0.33193,113.0,bid,1756673127807
1756673128.2182665,0.33197,293.0,ask,1756673127807
1756673129.5107388,0.33173,113.0,bid,1756673129005
1756673129.5107388,0.33197,293.0,ask,1756673129005
1756673129.8241398,0.33181,112.0,bid,1756673129261
1756673129.8241398,0.33197,293.0,ask,1756673129261
1756673130.2123358,0.33181,112.0,bid,1756673129676
1756673130.2123358,0.33194,3321.0,ask,1756673129676
1756673130.788124,0.33169,112.0,bid,1756673130117
1756673130.788124,0.33193,293.0,ask,1756673130117
1756673132.6444347,0.33169,112.0,bid,1756673132100
1756673132.6444347,0.33194,2792.0,ask,1756673132100
1756673133.5305986,0.33169,8.0,bid,1756673133010
1756673133.5305986,0.3326,4263.0,ask,1756673133010
1756673133.7876108,0.33169,8.0,bid,1756673133301
1756673133.7876108,0.33259,68.0,ask,1756673133301
1756673133.8398714,0.33169,8.0,bid,1756673133415
1756673133.8398714,0.33259,3455.0,ask,1756673133415
1756673134.0713468,0.33169,8.0,bid,1756673133583
1756673134.0713468,0.3317,5591.0,ask,1756673133583
1756673134.5004873,0.33169,1934.0,bid,1756673134021
1756673134.5004873,0.3317,4203.0,ask,1756673134021
1756673134.6322482,0.33099,713.0,bid,1756673134110
1756673134.6322482,0.3317,4203.0,ask,1756673134110
1756673134.718417,0.33099,713.0,bid,1756673134196
1756673134.718417,0.3317,4271.0,ask,1756673134196
1756673134.923247,0.33126,112.0,bid,1756673134451
1756673134.923247,0.3317,4271.0,ask,1756673134451
1756673135.1139052,0.331,1253.0,bid,1756673134597
1756673135.1139052,0.33169,3395.0,ask,1756673134597
1756673135.2901704,0.33089,2170.0,bid,1756673134721
1756673135.2901704,0.33169,3395.0,ask,1756673134721
1756673135.3370743,0.33136,2990.0,bid,1756673134851
1756673135.3370743,0.33169,3395.0,ask,1756673134851
1756673135.403102,0.33136,2953.0,bid,1756673134916
1756673135.403102,0.33169,3395.0,ask,1756673134916
1756673135.7477767,0.33136,2953.0,bid,1756673135180
1756673135.7477767,0.33168,68.0,ask,1756673135180
1756673135.8258054,0.331,1262.0,bid,1756673135255
1756673135.8258054,0.33168,68.0,ask,1756673135255
1756673136.092005,0.331,1262.0,bid,1756673135601
1756673136.092005,0.3321,68.0,ask,1756673135601
1756673136.2300925,0.33101,4079.0,bid,1756673135725
1756673136.2300925,0.3321,68.0,ask,1756673135725
1756673136.3505185,0.331,1138.0,bid,1756673135801
1756673136.3505185,0.33211,3615.0,ask,1756673135801
1756673136.4023004,0.331,1138.0,bid,1756673135925
1756673136.4023004,0.33209,3393.0,ask,1756673135925
1756673136.5309358,0.33101,1245.0,bid,1756673136002
1756673136.5309358,0.33209,3393.0,ask,1756673136002
1756673136.6097903,0.33101,5505.0,bid,1756673136124
1756673136.6097903,0.33209,3393.0,ask,1756673136124
1756673136.7833164,0.33101,7393.0,bid,1756673136260
1756673136.7833164,0.33209,3393.0,ask,1756673136260
1756673136.863618,0.33101,3190.0,bid,1756673136311
1756673136.863618,0.33209,3393.0,ask,1756673136311
1756673137.0546706,0.33102,167.0,bid,1756673136420
1756673137.0546706,0.33209,3393.0,ask,1756673136420
1756673137.2272983,0.33102,167.0,bid,1756673136717
1756673137.2272983,0.33208,167.0,ask,1756673136717
1756673137.320613,0.33102,89.0,bid,1756673136785
1756673137.320613,0.33208,167.0,ask,1756673136785
1756673137.4758294,0.33102,1334.0,bid,1756673136865
1756673137.4758294,0.33208,167.0,ask,1756673136865
1756673137.9153275,0.33102,1334.0,bid,1756673137441
1756673137.9153275,0.33207,3393.0,ask,1756673137441
1756673138.5202007,0.33102,1334.0,bid,1756673137994
1756673138.5202007,0.33206,167.0,ask,1756673137994
1756673138.7686815,0.33102,1334.0,bid,1756673138272
1756673138.7686815,0.33206,4414.0,ask,1756673138272
1756673138.9433832,0.33102,1334.0,bid,1756673138413
1756673138.9433832,0.33206,7807.0,ask,1756673138413
1756673139.5322654,0.33102,934.0,bid,1756673139015
1756673139.5322654,0.33206,7807.0,ask,1756673139015
1756673140.6442304,0.33102,934.0,bid,1756673140030
1756673140.6442304,0.33206,7724.0,ask,1756673140030
1756673140.8334646,0.33102,934.0,bid,1756673140325
1756673140.8334646,0.33204,1996.0,ask,1756673140325
1756673141.0784426,0.33103,301.0,bid,1756673140539
1756673141.0784426,0.33204,1996.0,ask,1756673140539
1756673141.1612847,0.33103,301.0,bid,1756673140629
1756673141.1612847,0.33203,3393.0,ask,1756673140629
1756673141.3839524,0.33103,301.0,bid,1756673140959
1756673141.3839524,0.33203,3778.0,ask,1756673140959
1756673141.653835,0.33104,1230.0,bid,1756673141153
1756673141.653835,0.33202,2415.0,ask,1756673141153
1756673141.6902812,0.33104,1230.0,bid,1756673141235
1756673141.6902812,0.33202,2800.0,ask,1756673141235
1756673142.1840725,0.33104,1230.0,bid,1756673141612
1756673142.1840725,0.33201,385.0,ask,1756673141612
1756673142.3804727,0.33105,301.0,bid,1756673141859
1756673142.3804727,0.33201,385.0,ask,1756673141859
1756673142.4923685,0.33105,117.0,bid,1756673142016
1756673142.4923685,0.33201,286.0,ask,1756673142016
1756673142.5025704,0.33105,117.0,bid,1756673142070
1756673142.5025704,0.332,3393.0,ask,1756673142070
1756673142.8388014,0.33105,117.0,bid,1756673142422
1756673142.8388014,0.33199,385.0,ask,1756673142422
1756673143.151493,0.33105,117.0,bid,1756673142668
1756673143.151493,0.33199,455.0,ask,1756673142668
1756673143.305875,0.33105,117.0,bid,1756673142731
1756673143.305875,0.33198,3393.0,ask,1756673142731
1756673143.317295,0.33105,67.0,bid,1756673142794
1756673143.317295,0.33198,3393.0,ask,1756673142794
1756673143.4905741,0.33106,1260.0,bid,1756673142996
1756673143.4905741,0.33198,3848.0,ask,1756673142996
1756673143.882177,0.33106,1260.0,bid,1756673143386
1756673143.882177,0.33197,455.0,ask,1756673143386
1756673144.3590302,0.33107,286.0,bid,1756673143787
1756673144.3590302,0.33197,455.0,ask,1756673143787
1756673144.4676008,0.33107,286.0,bid,1756673143942
1756673144.4676008,0.33196,3394.0,ask,1756673143942
1756673144.7169836,0.33107,286.0,bid,1756673144263
1756673144.7169836,0.33196,2415.0,ask,1756673144263
1756673145.0088215,0.33107,286.0,bid,1756673144482
1756673145.0088215,0.33195,455.0,ask,1756673144482
1756673145.0785012,0.33108,1258.0,bid,1756673144668
1756673145.0785012,0.33195,455.0,ask,1756673144668
1756673145.4237213,0.33108,1258.0,bid,1756673144900
1756673145.4237213,0.33194,3394.0,ask,1756673144900
1756673145.5630848,0.33109,286.0,bid,1756673145099
1756673145.5630848,0.33194,3394.0,ask,1756673145099
1756673145.7566936,0.33109,286.0,bid,1756673145301
1756673145.7566936,0.33193,455.0,ask,1756673145301
1756673145.9904208,0.33109,286.0,bid,1756673145501
1756673145.9904208,0.33192,3394.0,ask,1756673145501
1756673146.2284644,0.33108,286.0,bid,1756673145758
1756673146.2284644,0.33191,455.0,ask,1756673145758
1756673146.2955067,0.3311,1247.0,bid,1756673145816
1756673146.2955067,0.33191,455.0,ask,1756673145816
1756673146.665887,0.33111,286.0,bid,1756673146160
1756673146.665887,0.3319,3394.0,ask,1756673146160
1756673147.0445645,0.33111,286.0,bid,1756673146505
1756673147.0445645,0.33189,455.0,ask,1756673146505
1756673147.461533,0.33112,1239.0,bid,1756673146924
1756673147.461533,0.33188,3394.0,ask,1756673146924
1756673147.8204968,0.33112,1239.0,bid,1756673147330
1756673147.8204968,0.33187,455.0,ask,1756673147330
1756673148.3168254,0.33113,286.0,bid,1756673147741
1756673148.3168254,0.33186,2415.0,ask,1756673147741
1756673148.8655922,0.33113,2173.0,bid,1756673148312
1756673148.8655922,0.33185,455.0,ask,1756673148312
1756673149.3288374,0.33114,1232.0,bid,1756673148754
1756673149.3288374,0.33184,3394.0,ask,1756673148754
1756673149.6317787,0.33114,1195.0,bid,1756673149048
1756673149.6317787,0.33184,3394.0,ask,1756673149048
1756673149.7975998,0.33115,286.0,bid,1756673149249
1756673149.7975998,0.33183,455.0,ask,1756673149249
1756673150.0821137,0.33115,286.0,bid,1756673149558
1756673150.0821137,0.33183,3849.0,ask,1756673149558
1756673150.8740363,0.33115,189.0,bid,1756673150065
1756673150.8740363,0.33183,3849.0,ask,1756673150065
1756673151.3018215,0.33114,286.0,bid,1756673150630
1756673151.3018215,0.33183,3849.0,ask,1756673150630
1756673151.3960285,0.33132,2990.0,bid,1756673150857
1756673151.3960285,0.33183,3849.0,ask,1756673150857
1756673151.5736682,0.33132,2912.0,bid,1756673151059
1756673151.5736682,0.33183,3849.0,ask,1756673151059
1756673152.076256,0.33116,189.0,bid,1756673151536
1756673152.076256,0.33183,3849.0,ask,1756673151536
1756673152.1374907,0.33133,189.0,bid,1756673151670
1756673152.1374907,0.33183,3849.0,ask,1756673151670
1756673152.4239156,0.33133,1421.0,bid,1756673151872
1756673152.4239156,0.33183,2869.0,ask,1756673151872
1756673152.6228483,0.331,138.0,bid,1756673152025
1756673152.6228483,0.33183,2869.0,ask,1756673152025
1756673152.957458,0.33072,3508.0,bid,1756673152412
1756673152.957458,0.33182,276.0,ask,1756673152412
1756673153.0209157,0.33134,1886.0,bid,1756673152486
1756673153.0209157,0.33182,276.0,ask,1756673152486
1756673153.3607736,0.33111,2990.0,bid,1756673152886
1756673153.3607736,0.33181,3396.0,ask,1756673152886
1756673153.5153768,0.33111,2990.0,bid,1756673153012
1756673153.5153768,0.33181,3093.0,ask,1756673153012
1756673153.5941823,0.33112,381.0,bid,1756673153086
1756673153.5941823,0.33181,3093.0,ask,1756673153086
1756673153.7274377,0.33112,381.0,bid,1756673153164
1756673153.7274377,0.3318,472.0,ask,1756673153164
1756673153.773421,0.33112,3539.0,bid,1756673153287
1756673153.773421,0.3318,472.0,ask,1756673153287
1756673153.9897974,0.33112,3539.0,bid,1756673153568
1756673153.9897974,0.33179,3394.0,ask,1756673153568
1756673154.3296003,0.33112,3539.0,bid,1756673153834
1756673154.3296003,0.33178,472.0,ask,1756673153834
1756673154.6978886,0.33113,4139.0,bid,1756673154171
1756673154.6978886,0.33178,472.0,ask,1756673154171
1756673154.7768385,0.33113,4139.0,bid,1756673154237
1756673154.7768385,0.33177,3394.0,ask,1756673154237
1756673155.0217655,0.33114,381.0,bid,1756673154574
1756673155.0217655,0.33177,3394.0,ask,1756673154574
1756673155.3672395,0.33114,1628.0,bid,1756673154896
1756673155.3672395,0.33176,472.0,ask,1756673154896
1756673155.6358054,0.33115,4147.0,bid,1756673155173
1756673155.6358054,0.33176,472.0,ask,1756673155173
1756673155.8190577,0.33115,4147.0,bid,1756673155297
1756673155.8190577,0.33175,3394.0,ask,1756673155297
1756673155.9215317,0.33153,2990.0,bid,1756673155442
1756673155.9215317,0.33175,3394.0,ask,1756673155442
1756673156.312213,0.33153,2990.0,bid,1756673155845
1756673156.312213,0.33231,472.0,ask,1756673155845
1756673156.4355977,0.33154,1257.0,bid,1756673155899
1756673156.4355977,0.33231,472.0,ask,1756673155899
1756673156.4355977,0.33154,1257.0,bid,1756673155974
1756673156.4355977,0.33174,91.0,ask,1756673155974
1756673156.5183198,0.33154,1257.0,bid,1756673156046
1756673156.5183198,0.33232,1779.0,ask,1756673156046
1756673156.5670054,0.33154,1257.0,bid,1756673156102
1756673156.5670054,0.3323,2411.0,ask,1756673156102
1756673156.7419505,0.33155,381.0,bid,1756673156235
1756673156.7419505,0.33232,1779.0,ask,1756673156235
1756673156.7957146,0.33155,2266.0,bid,1756673156306
1756673156.7957146,0.33229,3389.0,ask,1756673156306
1756673157.0275009,0.33156,2990.0,bid,1756673156586
1756673157.0275009,0.33229,3389.0,ask,1756673156586
1756673157.5628111,0.33155,381.0,bid,1756673156852
1756673157.5628111,0.33229,3389.0,ask,1756673156852
1756673157.689932,0.33157,381.0,bid,1756673157005
1756673157.689932,0.33229,3389.0,ask,1756673157005
1756673157.7413065,0.33157,381.0,bid,1756673157108
1756673157.7413065,0.33228,504.0,ask,1756673157108
1756673157.8651652,0.33156,1769.0,bid,1756673157315
1756673157.8651652,0.33228,504.0,ask,1756673157315
1756673157.8979356,0.33156,1769.0,bid,1756673157397
1756673157.8979356,0.33228,3893.0,ask,1756673157397
1756673158.0202916,0.33156,1769.0,bid,1756673157511
1756673158.0202916,0.33228,2916.0,ask,1756673157511
1756673158.1127634,0.33158,504.0,bid,1756673157657
1756673158.1127634,0.33228,2916.0,ask,1756673157657
1756673158.351394,0.33159,1885.0,bid,1756673157911
1756673158.351394,0.33226,1779.0,ask,1756673157911
1756673158.5373127,0.33159,1848.0,bid,1756673158055
1756673158.5373127,0.33226,1779.0,ask,1756673158055
1756673158.5759668,0.3316,1234.0,bid,1756673158114
1756673158.5759668,0.33226,1779.0,ask,1756673158114
1756673158.7464736,0.3316,1234.0,bid,1756673158256
1756673158.7464736,0.33225,3389.0,ask,1756673158256
1756673159.0879772,0.33161,504.0,bid,1756673158515
1756673159.0879772,0.33225,3389.0,ask,1756673158515
1756673159.7932565,0.33162,1236.0,bid,1756673159329
1756673159.7932565,0.33225,3389.0,ask,1756673159329
1756673160.0687287,0.33163,504.0,bid,1756673159530
1756673160.0687287,0.33225,3389.0,ask,1756673159530
1756673160.2253795,0.33163,504.0,bid,1756673159699
1756673160.2253795,0.33226,1779.0,ask,1756673159699
1756673160.3200781,0.33163,504.0,bid,1756673159815
1756673160.3200781,0.33224,3389.0,ask,1756673159815
1756673160.8928397,0.33163,504.0,bid,1756673160428
1756673160.8928397,0.33234,4525.0,ask,1756673160428
1756673160.9984183,0.33163,504.0,bid,1756673160509
1756673160.9984183,0.33223,3389.0,ask,1756673160509
1756673161.14489,0.33164,1265.0,bid,1756673160627
1756673161.14489,0.33223,3389.0,ask,1756673160627
1756673161.6996837,0.33165,504.0,bid,1756673161130
1756673161.6996837,0.33223,3389.0,ask,1756673161130
1756673161.8158772,0.33165,504.0,bid,1756673161285
1756673161.8158772,0.33222,3389.0,ask,1756673161285
1756673162.5971334,0.33166,1281.0,bid,1756673162144
1756673162.5971334,0.33222,3389.0,ask,1756673162144
1756673162.8452067,0.33166,1281.0,bid,1756673162390
1756673162.8452067,0.33266,1779.0,ask,1756673162390
1756673162.97711,0.33166,1281.0,bid,1756673162496
1756673162.97711,0.33266,936.0,ask,1756673162496
1756673163.0696037,0.33166,1281.0,bid,1756673162588
1756673163.0696037,0.33221,3389.0,ask,1756673162588
1756673163.2332556,0.33167,504.0,bid,1756673162699
1756673163.2332556,0.33221,3389.0,ask,1756673162699
1756673163.3130927,0.33167,504.0,bid,1756673162786
1756673163.3130927,0.33265,3387.0,ask,1756673162786
1756673163.399366,0.33167,2388.0,bid,1756673162902
1756673163.399366,0.33265,3387.0,ask,1756673162902
1756673163.493109,0.33167,2388.0,bid,1756673162996
1756673163.493109,0.3322,3389.0,ask,1756673162996
1756673163.5884836,0.33167,2284.0,bid,1756673163054
1756673163.5884836,0.3322,3389.0,ask,1756673163054
1756673163.6418395,0.33167,2284.0,bid,1756673163115
1756673163.6418395,0.33266,936.0,ask,1756673163115
1756673163.962685,0.33167,2418.0,bid,1756673163403
1756673163.962685,0.33219,3031.0,ask,1756673163403
1756673164.0305603,0.33172,2990.0,bid,1756673163493
1756673164.0305603,0.33265,134.0,ask,1756673163493
1756673164.090726,0.33172,2990.0,bid,1756673163601
1756673164.090726,0.33265,3521.0,ask,1756673163601
1756673164.5389478,0.33172,2990.0,bid,1756673163902
1756673164.5389478,0.33218,134.0,ask,1756673163902
1756673164.575319,0.33172,2990.0,bid,1756673164055
1756673164.575319,0.33264,3387.0,ask,1756673164055
1756673165.0396242,0.33173,5947.0,bid,1756673164539
1756673165.0396242,0.33263,2315.0,ask,1756673164539
1756673165.2892716,0.3322,2990.0,bid,1756673164815
1756673165.2892716,0.33263,2315.0,ask,1756673164815
1756673165.693351,0.33183,217.0,bid,1756673165210
1756673165.693351,0.33263,2315.0,ask,1756673165210
1756673165.8315096,0.33221,534.0,bid,1756673165348
1756673165.8315096,0.33263,2315.0,ask,1756673165348
1756673166.0877166,0.33212,2990.0,bid,1756673165615
1756673166.0877166,0.33268,4521.0,ask,1756673165615
1756673166.2956402,0.33184,534.0,bid,1756673165821
1756673166.2956402,0.33268,4521.0,ask,1756673165821
1756673166.5740862,0.33213,3918.0,bid,1756673166014
1756673166.5740862,0.33267,3384.0,ask,1756673166014
1756673166.7066443,0.33213,534.0,bid,1756673166154
1756673166.7066443,0.33267,3384.0,ask,1756673166154
1756673166.843001,0.33214,534.0,bid,1756673166355
1756673166.843001,0.33267,3384.0,ask,1756673166355
1756673166.900202,0.33214,3340.0,bid,1756673166416
1756673166.900202,0.33267,3384.0,ask,1756673166416
1756673167.6150093,0.33214,3340.0,bid,1756673167085
1756673167.6150093,0.33267,3625.0,ask,1756673167085
1756673167.7697663,0.33214,3340.0,bid,1756673167324
1756673167.7697663,0.33267,241.0,ask,1756673167324
1756673167.8981836,0.33215,1882.0,bid,1756673167385
1756673167.8981836,0.33267,241.0,ask,1756673167385
1756673168.232975,0.33215,1882.0,bid,1756673167725
1756673168.232975,0.33266,2820.0,ask,1756673167725
1756673168.2395983,0.33219,2990.0,bid,1756673167798
1756673168.2395983,0.33266,2820.0,ask,1756673167798
1756673168.7181149,0.3322,534.0,bid,1756673168167
1756673168.7181149,0.33302,4516.0,ask,1756673168167
1756673168.9923892,0.3322,534.0,bid,1756673168454
1756673168.9923892,0.33266,241.0,ask,1756673168454
1756673169.0618503,0.33221,1279.0,bid,1756673168570
1756673169.0618503,0.33302,3780.0,ask,1756673168570
1756673169.1232324,0.33221,4661.0,bid,1756673168653
1756673169.1232324,0.33301,3382.0,ask,1756673168653
1756673169.3384378,0.33221,4661.0,bid,1756673168779
1756673169.3384378,0.33328,936.0,ask,1756673168779
1756673169.4271257,0.33222,534.0,bid,1756673168859
1756673169.4271257,0.33301,3382.0,ask,1756673168859
1756673169.518031,0.33222,2415.0,bid,1756673168975
1756673169.518031,0.33301,3382.0,ask,1756673168975
1756673169.6422117,0.33222,2041.0,bid,1756673169057
1756673169.6422117,0.33301,3299.0,ask,1756673169057
1756673169.7761705,0.33223,3382.0,bid,1756673169256
1756673169.7761705,0.33301,3299.0,ask,1756673169256
1756673170.2799501,0.33224,4078.0,bid,1756673169780
1756673170.2799501,0.33301,3299.0,ask,1756673169780
1756673170.3654456,0.33224,5317.0,bid,1756673169856
1756673170.3654456,0.333,295.0,ask,1756673169856
1756673170.4566905,0.33224,5772.0,bid,1756673169981
1756673170.4566905,0.333,295.0,ask,1756673169981
1756673170.5943465,0.33225,3382.0,bid,1756673170061
1756673170.5943465,0.333,295.0,ask,1756673170061
1756673170.730012,0.33225,3382.0,bid,1756673170262
1756673170.730012,0.33299,3382.0,ask,1756673170262
1756673170.9219313,0.33226,455.0,bid,1756673170461
1756673170.9219313,0.33299,3382.0,ask,1756673170461
1756673171.0614026,0.33226,455.0,bid,1756673170591
1756673171.0614026,0.33298,295.0,ask,1756673170591
1756673171.262947,0.33226,4650.0,bid,1756673170782
1756673171.262947,0.33298,295.0,ask,1756673170782
1756673171.385398,0.33227,3382.0,bid,1756673170863
1756673171.385398,0.33298,295.0,ask,1756673170863
1756673171.4791782,0.33227,4442.0,bid,1756673170998
1756673171.4791782,0.33297,3382.0,ask,1756673170998
1756673171.9386797,0.33228,455.0,bid,1756673171398
1756673171.9386797,0.33296,295.0,ask,1756673171398
1756673172.0784159,0.33228,1685.0,bid,1756673171647
1756673172.0784159,0.33296,295.0,ask,1756673171647
1756673172.2952092,0.33229,3382.0,bid,1756673171799
1756673172.2952092,0.33295,3382.0,ask,1756673171799
1756673172.7214732,0.33229,3189.0,bid,1756673172052
1756673172.7214732,0.33295,3279.0,ask,1756673172052
1756673172.7214732,0.3323,455.0,bid,1756673172151
1756673172.7214732,0.33294,295.0,ask,1756673172151
1756673173.062537,0.33231,3382.0,bid,1756673172482
1756673173.062537,0.33293,3382.0,ask,1756673172482
1756673173.2700958,0.33231,4616.0,bid,1756673172755
1756673173.2700958,0.33293,3382.0,ask,1756673172755
1756673173.4161613,0.33232,455.0,bid,1756673172897
1756673173.4161613,0.33292,295.0,ask,1756673172897
1756673173.7116847,0.33233,1060.0,bid,1756673173224
1756673173.7116847,0.33292,295.0,ask,1756673173224
1756673173.7822504,0.33233,4442.0,bid,1756673173293
1756673173.7822504,0.33291,3382.0,ask,1756673173293
1756673174.3059115,0.33234,1694.0,bid,1756673173727
1756673174.3059115,0.3329,295.0,ask,1756673173727
1756673174.652581,0.33235,3837.0,bid,1756673174160
1756673174.652581,0.33289,3382.0,ask,1756673174160
1756673175.005048,0.33235,4897.0,bid,1756673174508
1756673175.005048,0.33289,3382.0,ask,1756673174508
1756673175.0973294,0.33236,455.0,bid,1756673174552
1756673175.0973294,0.33288,295.0,ask,1756673174552
1756673175.2587252,0.33236,2335.0,bid,1756673174753
1756673175.2587252,0.33288,295.0,ask,1756673174753
1756673175.4485352,0.33237,3333.0,bid,1756673174959
1756673175.4485352,0.33287,2521.0,ask,1756673174959
1756673175.8319273,0.33237,3333.0,bid,1756673175315
1756673175.8319273,0.33286,295.0,ask,1756673175315
1756673175.9368625,0.33238,455.0,bid,1756673175370
1756673175.9368625,0.33286,295.0,ask,1756673175370
1756673176.0832644,0.33238,455.0,bid,1756673175564
1756673176.0832644,0.33287,2521.0,ask,1756673175564
1756673176.179599,0.33238,455.0,bid,1756673175716
1756673176.179599,0.33312,121.0,ask,1756673175716
1756673176.2455919,0.33238,160.0,bid,1756673175772
1756673176.2455919,0.33312,121.0,ask,1756673175772
1756673176.3363423,0.33238,160.0,bid,1756673175848
1756673176.3363423,0.33285,1505.0,ask,1756673175848
1756673176.4902823,0.33239,3381.0,bid,1756673175973
1756673176.4902823,0.33311,295.0,ask,1756673175973
1756673176.6442342,0.33239,3381.0,bid,1756673176119
1756673176.6442342,0.33311,3676.0,ask,1756673176119
1756673176.6442342,0.33239,4636.0,bid,1756673176172
1756673176.6442342,0.33311,295.0,ask,1756673176172
1756673176.9301622,0.3324,455.0,bid,1756673176372
1756673176.9301622,0.3331,3381.0,ask,1756673176372
1756673177.2364314,0.33241,3381.0,bid,1756673176779
1756673177.2364314,0.3331,3026.0,ask,1756673176779
1756673177.3088381,0.33241,3381.0,bid,1756673176836
1756673177.3088381,0.3331,3321.0,ask,1756673176836
1756673177.818016,0.33242,455.0,bid,1756673177165
1756673177.818016,0.3331,3321.0,ask,1756673177165
1756673177.818016,0.33242,455.0,bid,1756673177305
1756673177.818016,0.3331,3026.0,ask,1756673177305
1756673177.8328407,0.33242,3445.0,bid,1756673177383
1756673177.8328407,0.3331,3026.0,ask,1756673177383
1756673177.8810155,0.33242,6826.0,bid,1756673177448
1756673177.8810155,0.3331,3026.0,ask,1756673177448
1756673178.1812327,0.33242,6826.0,bid,1756673177608
1756673178.1812327,0.33309,295.0,ask,1756673177608
1756673178.3249915,0.33242,5068.0,bid,1756673177844
1756673178.3249915,0.33309,295.0,ask,1756673177844
1756673178.5956235,0.33243,455.0,bid,1756673178059
1756673178.5956235,0.33308,3381.0,ask,1756673178059
1756673178.76289,0.33243,3445.0,bid,1756673178275
1756673178.76289,0.33308,2405.0,ask,1756673178275
1756673178.840993,0.33244,3381.0,bid,1756673178409
1756673178.840993,0.33308,2405.0,ask,1756673178409
1756673178.9168317,0.33244,3381.0,bid,1756673178466
1756673178.9168317,0.33307,295.0,ask,1756673178466
1756673179.2116964,0.33245,2335.0,bid,1756673178667
1756673179.2116964,0.33307,295.0,ask,1756673178667
1756673179.3382204,0.33245,2335.0,bid,1756673178855
1756673179.3382204,0.33306,3381.0,ask,1756673178855
1756673179.6566443,0.33246,3381.0,bid,1756673179068
1756673179.6566443,0.33306,3381.0,ask,1756673179068
1756673179.8305912,0.33246,3836.0,bid,1756673179271
1756673179.8305912,0.33305,295.0,ask,1756673179271
1756673180.2038085,0.33246,3716.0,bid,1756673179661
1756673180.2038085,0.33304,3381.0,ask,1756673179661
1756673180.4947314,0.33247,1270.0,bid,1756673179872
1756673180.4947314,0.33304,3381.0,ask,1756673179872
1756673180.6255863,0.33247,1172.0,bid,1756673180072
1756673180.6255863,0.33303,212.0,ask,1756673180072
1756673180.7184217,0.3329,2990.0,bid,1756673180245
1756673180.7184217,0.33303,212.0,ask,1756673180245
1756673180.8109984,0.3329,2990.0,bid,1756673180299
1756673180.8109984,0.33344,173.0,ask,1756673180299
1756673181.0489216,0.33291,4955.0,bid,1756673180659
1756673181.0489216,0.33343,2915.0,ask,1756673180659
1756673181.490731,0.33291,5167.0,bid,1756673180858
1756673181.490731,0.33343,2915.0,ask,1756673180858
1756673181.5003583,0.33291,5011.0,bid,1756673181002
1756673181.5003583,0.33343,2915.0,ask,1756673181002
1756673181.5326326,0.33292,335.0,bid,1756673181059
1756673181.5326326,0.33343,2915.0,ask,1756673181059
1756673181.7413535,0.33293,1941.0,bid,1756673181260
1756673181.7413535,0.33347,4509.0,ask,1756673181260
1756673181.9430568,0.33293,1941.0,bid,1756673181460
1756673181.9430568,0.33342,2240.0,ask,1756673181460
1756673181.9958425,0.33294,335.0,bid,1756673181523
1756673181.9958425,0.33342,2240.0,ask,1756673181523
1756673182.602885,0.33294,245.0,bid,1756673182008
1756673182.602885,0.33342,2240.0,ask,1756673182008
1756673182.7279189,0.33295,1252.0,bid,1756673182064
1756673182.7279189,0.33342,2240.0,ask,1756673182064
1756673183.0911002,0.33295,1252.0,bid,1756673182473
1756673183.0911002,0.33342,1419.0,ask,1756673182473
1756673183.133863,0.33295,1252.0,bid,1756673182612
1756673183.133863,0.33381,4503.0,ask,1756673182612
1756673183.3587,0.33295,1252.0,bid,1756673182870
1756673183.3587,0.33381,4608.0,ask,1756673182870
1756673183.4544046,0.33296,1877.0,bid,1756673182931
1756673183.4544046,0.33381,105.0,ask,1756673182931
1756673183.554222,0.33296,1877.0,bid,1756673183014
1756673183.554222,0.33396,124.0,ask,1756673183014
1756673183.5643165,0.33296,2122.0,bid,1756673183077
1756673183.5643165,0.33408,216.0,ask,1756673183077
1756673183.7464864,0.33297,1267.0,bid,1756673183277
1756673183.7464864,0.33405,105.0,ask,1756673183277
1756673183.7999518,0.33297,1267.0,bid,1756673183335
1756673183.7999518,0.3338,3375.0,ask,1756673183335
1756673184.153923,0.33298,3618.0,bid,1756673183679
1756673184.153923,0.3338,3375.0,ask,1756673183679
1756673184.6425135,0.33299,245.0,bid,1756673184079
1756673184.6425135,0.3338,3375.0,ask,1756673184079
1756673184.7445877,0.33299,245.0,bid,1756673184300
1756673184.7445877,0.33379,3374.0,ask,1756673184300
1756673184.9857564,0.333,3374.0,bid,1756673184536
1756673184.9857564,0.33379,3374.0,ask,1756673184536
1756673185.4353228,0.33301,245.0,bid,1756673184951
1756673185.4353228,0.33379,3374.0,ask,1756673184951
1756673186.067264,0.33301,245.0,bid,1756673185301
1756673186.067264,0.33391,105.0,ask,1756673185301
1756673188.0195653,0.33302,3374.0,bid,1756673185348
1756673188.0195653,0.33391,105.0,ask,1756673185348
1756673188.0340621,0.33302,3374.0,bid,1756673185860
1756673188.0340621,0.33378,3374.0,ask,1756673185860
1756673188.0423694,0.33302,3374.0,bid,1756673186019
1756673188.0423694,0.33378,3015.0,ask,1756673186019
1756673188.7700179,0.33303,245.0,bid,1756673187978
1756673188.7700179,0.33378,3015.0,ask,1756673187978
1756673188.814257,0.33303,208.0,bid,1756673188122
1756673188.814257,0.33378,3015.0,ask,1756673188122
1756673189.2063959,0.33303,3582.0,bid,1756673188732
1756673189.2063959,0.33378,3015.0,ask,1756673188732
1756673189.3444512,0.33303,6572.0,bid,1756673188859
1756673189.3444512,0.33378,3015.0,ask,1756673188859
1756673189.6199162,0.33303,10793.0,bid,1756673189056
1756673189.6199162,0.33378,3015.0,ask,1756673189056
1756673189.8800716,0.33303,10793.0,bid,1756673189397
1756673189.8800716,0.33378,2045.0,ask,1756673189397
1756673190.0695155,0.33304,1243.0,bid,1756673189598
1756673190.0695155,0.33378,2045.0,ask,1756673189598
1756673190.2753553,0.33305,208.0,bid,1756673189861
1756673190.2753553,0.33378,2045.0,ask,1756673189861
1756673190.6031783,0.3335,2990.0,bid,1756673189998
1756673190.6031783,0.33378,2045.0,ask,1756673189998
1756673190.7901878,0.3335,2990.0,bid,1756673190351
1756673190.7901878,0.33403,104.0,ask,1756673190351
1756673190.9570997,0.3335,2990.0,bid,1756673190465
1756673190.9570997,0.3342,173.0,ask,1756673190465
1756673191.0169833,0.33351,3004.0,bid,1756673190554
1756673191.0169833,0.33402,2328.0,ask,1756673190554
1756673191.1182003,0.33351,4878.0,bid,1756673190613
1756673191.1182003,0.33402,2328.0,ask,1756673190613
1756673191.203323,0.33351,4878.0,bid,1756673190755
1756673191.203323,0.3342,173.0,ask,1756673190755
1756673191.2821734,0.33351,4878.0,bid,1756673190811
1756673191.2821734,0.33401,1654.0,ask,1756673190811
1756673191.5392106,0.33351,4878.0,bid,1756673191010
1756673191.5392106,0.3342,173.0,ask,1756673191010
1756673191.6603146,0.33352,208.0,bid,1756673191069
1756673191.6603146,0.33416,104.0,ask,1756673191069
1756673191.7526016,0.33352,208.0,bid,1756673191231
1756673191.7526016,0.33413,104.0,ask,1756673191231
1756673191.8049972,0.33352,208.0,bid,1756673191339
1756673191.8049972,0.334,1318.0,ask,1756673191339
1756673191.8893244,0.33352,208.0,bid,1756673191470
1756673191.8893244,0.33413,104.0,ask,1756673191470
1756673192.101587,0.33353,3370.0,bid,1756673191586
1756673192.101587,0.33413,104.0,ask,1756673191586
1756673192.193097,0.33353,3370.0,bid,1756673191637
1756673192.193097,0.33422,4499.0,ask,1756673191637
1756673192.3130906,0.33353,3370.0,bid,1756673191834
1756673192.3130906,0.33412,3370.0,ask,1756673191834
1756673192.7079525,0.33354,208.0,bid,1756673192141
1756673192.7079525,0.33412,3370.0,ask,1756673192141
1756673192.8900194,0.33354,3578.0,bid,1756673192217
1756673192.8900194,0.33412,3370.0,ask,1756673192217
1756673193.6056755,0.33354,3473.0,bid,1756673193024
1756673193.6056755,0.33412,3370.0,ask,1756673193024
1756673193.8228602,0.33354,3473.0,bid,1756673193246
1756673193.8228602,0.33411,3370.0,ask,1756673193246
1756673193.9267728,0.33355,1874.0,bid,1756673193361
1756673193.9267728,0.33411,3370.0,ask,1756673193361
1756673194.2292743,0.33354,3473.0,bid,1756673193760
1756673194.2292743,0.33411,3370.0,ask,1756673193760
1756673194.3071184,0.33356,103.0,bid,1756673193765
1756673194.3071184,0.33411,3370.0,ask,1756673193765
1756673194.3836849,0.33356,3473.0,bid,1756673193847
1756673194.3836849,0.33411,3370.0,ask,1756673193847
1756673194.6096632,0.33356,3473.0,bid,1756673194051
1756673194.6096632,0.33411,2980.0,ask,1756673194051
1756673194.6536374,0.33356,3473.0,bid,1756673194163
1756673194.6536374,0.33423,104.0,ask,1756673194163
1756673194.7952027,0.33356,3473.0,bid,1756673194307
1756673194.7952027,0.3341,2996.0,ask,1756673194307
1756673195.0096657,0.33356,3473.0,bid,1756673194455
1756673195.0096657,0.33423,104.0,ask,1756673194455
1756673195.0973582,0.33356,3473.0,bid,1756673194572
1756673195.0973582,0.33422,4180.0,ask,1756673194572
1756673195.1872468,0.33356,3473.0,bid,1756673194657
1756673195.1872468,0.33409,2679.0,ask,1756673194657
1756673195.438636,0.33356,3473.0,bid,1756673194860
1756673195.438636,0.33422,4180.0,ask,1756673194860
1756673195.5163512,0.33356,3473.0,bid,1756673194973
1756673195.5163512,0.33408,2343.0,ask,1756673194973
1756673195.8891368,0.33356,3473.0,bid,1756673195378
1756673195.8891368,0.33407,2007.0,ask,1756673195378
1756673196.6912453,0.33356,3473.0,bid,1756673196126
1756673196.6912453,0.33444,208.0,ask,1756673196126
1756673196.7020986,0.33356,3473.0,bid,1756673196196
1756673196.7020986,0.33406,1671.0,ask,1756673196196
1756673197.183258,0.33357,1874.0,bid,1756673196593
1756673197.183258,0.33405,1334.0,ask,1756673196593
1756673197.4228868,0.33358,103.0,bid,1756673196937
1756673197.4228868,0.33405,1334.0,ask,1756673196937
1756673197.905778,0.33358,103.0,bid,1756673197288
1756673197.905778,0.33442,207.0,ask,1756673197288
1756673197.9624088,0.33359,1257.0,bid,1756673197337
1756673197.9624088,0.33442,207.0,ask,1756673197337
1756673198.1547966,0.33359,1257.0,bid,1756673197611
1756673198.1547966,0.33448,173.0,ask,1756673197611
1756673198.4322722,0.3336,103.0,bid,1756673197889
1756673198.4322722,0.33448,173.0,ask,1756673197889
1756673198.6086035,0.3336,103.0,bid,1756673198092
1756673198.6086035,0.33441,3368.0,ask,1756673198092
1756673198.9597988,0.33361,3368.0,bid,1756673198472
1756673198.9597988,0.33441,3368.0,ask,1756673198472
1756673199.3007379,0.33361,4647.0,bid,1756673198826
1756673199.3007379,0.33441,3368.0,ask,1756673198826
1756673199.3108068,0.33362,103.0,bid,1756673198860
1756673199.3108068,0.33441,3368.0,ask,1756673198860
1756673199.6809764,0.33363,3368.0,bid,1756673199064
1756673199.6809764,0.33441,3285.0,ask,1756673199064
1756673199.7028067,0.33363,3368.0,bid,1756673199226
1756673199.7028067,0.33439,173.0,ask,1756673199226
1756673200.163831,0.33364,1262.0,bid,1756673199635
1756673200.163831,0.33439,173.0,ask,1756673199635
1756673200.1921942,0.33364,1262.0,bid,1756673199719
1756673200.1921942,0.33438,3368.0,ask,1756673199719
1756673200.5503783,0.33365,3368.0,bid,1756673199950
1756673200.5503783,0.33438,3368.0,ask,1756673199950
1756673200.7141633,0.33365,3368.0,bid,1756673200280
1756673200.7141633,0.33436,173.0,ask,1756673200280
1756673200.7986088,0.33365,3401.0,bid,1756673200349
1756673200.7986088,0.33436,173.0,ask,1756673200349
1756673200.9733512,0.33366,4118.0,bid,1756673200524
1756673200.9733512,0.33435,3368.0,ask,1756673200524
1756673201.0553617,0.33366,4151.0,bid,1756673200580
1756673201.0553617,0.33435,3401.0,ask,1756673200580
1756673201.192963,0.33366,5419.0,bid,1756673200782
1756673201.192963,0.33435,3401.0,ask,1756673200782
1756673201.4427655,0.33367,3368.0,bid,1756673200927
1756673201.4427655,0.33435,3401.0,ask,1756673200927
1756673201.537064,0.33367,3401.0,bid,1756673200984
1756673201.537064,0.33434,33.0,ask,1756673200984
1756673201.986809,0.33368,33.0,bid,1756673201501
1756673201.986809,0.33434,33.0,ask,1756673201501
1756673202.080371,0.33368,33.0,bid,1756673201580
1756673202.080371,0.33433,3368.0,ask,1756673201580
1756673202.2740462,0.33369,3368.0,bid,1756673201797
1756673202.2740462,0.33433,3368.0,ask,1756673201797
1756673202.4815528,0.33369,3368.0,bid,1756673201995
1756673202.4815528,0.33433,3541.0,ask,1756673201995
1756673202.7091043,0.33369,3148.0,bid,1756673202142
1756673202.7091043,0.33433,3422.0,ask,1756673202142
1756673202.877985,0.3337,33.0,bid,1756673202199
1756673202.877985,0.33433,3422.0,ask,1756673202199
1756673202.999723,0.3337,4212.0,bid,1756673202451
1756673202.999723,0.33432,33.0,ask,1756673202451
1756673203.142831,0.33371,3368.0,bid,1756673202642
1756673203.142831,0.33432,33.0,ask,1756673202642
1756673203.347169,0.33371,3368.0,bid,1756673202874
1756673203.347169,0.33431,3368.0,ask,1756673202874
1756673203.5546386,0.33372,33.0,bid,1756673203091
1756673203.5546386,0.33431,3368.0,ask,1756673203091
1756673203.6803565,0.33372,33.0,bid,1756673203216
1756673203.6803565,0.3343,33.0,ask,1756673203216
1756673203.8862681,0.33373,2990.0,bid,1756673203418
1756673203.8862681,0.33429,3368.0,ask,1756673203418
1756673203.977159,0.33373,6358.0,bid,1756673203470
1756673203.977159,0.33429,3368.0,ask,1756673203470
1756673204.2667413,0.33374,33.0,bid,1756673203695
1756673204.2667413,0.33429,2397.0,ask,1756673203695
1756673204.398771,0.33374,4229.0,bid,1756673203900
1756673204.398771,0.33428,33.0,ask,1756673203900
1756673204.8105931,0.33375,3343.0,bid,1756673204163
1756673204.8105931,0.33428,33.0,ask,1756673204163
1756673204.9868662,0.33375,5216.0,bid,1756673204347
1756673204.9868662,0.33427,2544.0,ask,1756673204347
1756673205.2869823,0.33376,33.0,bid,1756673204750
1756673205.2869823,0.33427,2544.0,ask,1756673204750
1756673205.4563394,0.33376,33.0,bid,1756673204852
1756673205.4563394,0.33439,102.0,ask,1756673204852
1756673205.7103913,0.33377,2214.0,bid,1756673205170
1756673205.7103913,0.33439,102.0,ask,1756673205170
1756673206.0912092,0.33378,33.0,bid,1756673205572
1756673206.0912092,0.33439,102.0,ask,1756673205572
1756673206.4819822,0.33379,3367.0,bid,1756673205924
1756673206.4819822,0.33438,4225.0,ask,1756673205924
1756673206.892877,0.3338,33.0,bid,1756673206380
1756673206.892877,0.33438,4225.0,ask,1756673206380
1756673207.266575,0.33381,3367.0,bid,1756673206746
1756673207.266575,0.33438,4225.0,ask,1756673206746
1756673207.6702054,0.33382,33.0,bid,1756673207143
1756673207.6702054,0.33438,4225.0,ask,1756673207143
1756673207.8444283,0.33382,33.0,bid,1756673207272
1756673207.8444283,0.33436,173.0,ask,1756673207272
1756673208.1199489,0.33383,3367.0,bid,1756673207627
1756673208.1199489,0.33436,173.0,ask,1756673207627
1756673208.9572158,0.33384,33.0,bid,1756673208393
1756673208.9572158,0.33436,173.0,ask,1756673208393
1756673209.1571639,0.33384,3326.0,bid,1756673208740
1756673209.1571639,0.33436,173.0,ask,1756673208740
1756673209.69928,0.33384,3326.0,bid,1756673209259
1756673209.69928,0.33439,102.0,ask,1756673209259
1756673210.5414276,0.33384,3229.0,bid,1756673210012
1756673210.5414276,0.33439,102.0,ask,1756673210012
1756673210.9737146,0.33385,33.0,bid,1756673210489
1756673210.9737146,0.33439,102.0,ask,1756673210489
1756673211.4245946,0.33386,3361.0,bid,1756673210965
1756673211.4245946,0.33438,33.0,ask,1756673210965
1756673211.5406566,0.33386,3189.0,bid,1756673211016
1756673211.5406566,0.33438,33.0,ask,1756673211016
1756673211.751979,0.33387,33.0,bid,1756673211296
1756673211.751979,0.33438,33.0,ask,1756673211296
1756673212.0542006,0.33388,2338.0,bid,1756673211567
1756673212.0542006,0.33437,4170.0,ask,1756673211567
1756673212.5842052,0.33388,2248.0,bid,1756673212071
1756673212.5842052,0.33437,3866.0,ask,1756673212071
1756673212.6890104,0.33345,1823.0,bid,1756673212171
1756673212.6890104,0.33437,3866.0,ask,1756673212171
1756673212.9344826,0.33389,1666.0,bid,1756673212373
1756673212.9344826,0.33437,3866.0,ask,1756673212373
1756673213.0781937,0.33345,1823.0,bid,1756673212534
1756673213.0781937,0.33437,3866.0,ask,1756673212534
1756673213.2623332,0.33346,3369.0,bid,1756673212701
1756673213.2623332,0.33437,3866.0,ask,1756673212701
1756673213.2740278,0.3339,1316.0,bid,1756673212783
1756673213.2740278,0.33437,3866.0,ask,1756673212783
1756673213.4337637,0.33346,33.0,bid,1756673212906
1756673213.4337637,0.33437,3866.0,ask,1756673212906
1756673213.8886378,0.33347,3237.0,bid,1756673213307
1756673213.8886378,0.33436,33.0,ask,1756673213307
1756673214.247773,0.33348,33.0,bid,1756673213707
1756673214.247773,0.33436,33.0,ask,1756673213707
1756673214.6317568,0.33349,3369.0,bid,1756673214108
1756673214.6317568,0.33436,33.0,ask,1756673214108
1756673214.843776,0.33349,3369.0,bid,1756673214308
1756673214.843776,0.33435,4133.0,ask,1756673214308
1756673215.102953,0.3335,33.0,bid,1756673214511
1756673215.102953,0.33435,4133.0,ask,1756673214511
1756673215.3606796,0.3335,33.0,bid,1756673214836
1756673215.3606796,0.33434,33.0,ask,1756673214836
1756673215.424208,0.33351,3369.0,bid,1756673214922
1756673215.424208,0.33434,33.0,ask,1756673214922
1756673215.757083,0.33352,33.0,bid,1756673215291
1756673215.757083,0.33434,33.0,ask,1756673215291
1756673216.1791828,0.33353,3369.0,bid,1756673215641
1756673216.1791828,0.33433,4228.0,ask,1756673215641
1756673216.6984148,0.33354,33.0,bid,1756673216045
1756673216.6984148,0.33433,3955.0,ask,1756673216045
1756673216.8670056,0.33354,33.0,bid,1756673216344
1756673216.8670056,0.33432,33.0,ask,1756673216344
1756673217.1545496,0.33355,3369.0,bid,1756673216546
1756673217.1545496,0.33432,33.0,ask,1756673216546
1756673217.6044765,0.33356,33.0,bid,1756673217049
1756673217.6044765,0.33432,33.0,ask,1756673217049
1756673217.6924226,0.33356,33.0,bid,1756673217201
1756673217.6924226,0.33431,4121.0,ask,1756673217201
1756673218.072728,0.33357,3369.0,bid,1756673217405
1756673218.072728,0.33431,4121.0,ask,1756673217405
1756673218.357856,0.33357,3369.0,bid,1756673217911
1756673218.357856,0.33438,33.0,ask,1756673217911
1756673218.5585294,0.33358,33.0,bid,1756673218040
1756673218.5585294,0.33438,33.0,ask,1756673218040
1756673218.8095329,0.33358,3402.0,bid,1756673218250
1756673218.8095329,0.33438,33.0,ask,1756673218250
1756673219.2051246,0.33358,3369.0,bid,1756673218660
1756673219.2051246,0.33438,33.0,ask,1756673218660
1756673219.216516,0.33358,5192.0,bid,1756673218734
1756673219.216516,0.33438,33.0,ask,1756673218734
1756673219.7818294,0.33359,33.0,bid,1756673219251
1756673219.7818294,0.33438,33.0,ask,1756673219251
1756673220.1218264,0.3336,3368.0,bid,1756673219617
1756673220.1218264,0.33438,33.0,ask,1756673219617
1756673220.1335783,0.3336,3368.0,bid,1756673219705
1756673220.1335783,0.33437,4165.0,ask,1756673219705
1756673220.4849572,0.3336,3368.0,bid,1756673219908
1756673220.4849572,0.33436,33.0,ask,1756673219908
1756673220.5817015,0.33361,33.0,bid,1756673220056
1756673220.5817015,0.33436,33.0,ask,1756673220056
1756673220.9458027,0.33361,3401.0,bid,1756673220376
1756673220.9458027,0.33436,33.0,ask,1756673220376
1756673221.4567928,0.33361,3401.0,bid,1756673220911
1756673221.4567928,0.33435,4184.0,ask,1756673220911
1756673221.9652057,0.33361,3401.0,bid,1756673221389
1756673221.9652057,0.33434,33.0,ask,1756673221389
1756673222.69171,0.33361,3401.0,bid,1756673221950
1756673222.69171,0.33433,4130.0,ask,1756673221950
1756673222.7523925,0.33361,3297.0,bid,1756673222141
1756673222.7523925,0.33433,4130.0,ask,1756673222141
1756673223.2150173,0.33361,3297.0,bid,1756673222601
1756673223.2150173,0.33431,173.0,ask,1756673222601
1756673224.0516562,0.33361,3297.0,bid,1756673223554
1756673224.0516562,0.3343,33.0,ask,1756673223554
1756673224.4627125,0.33361,3297.0,bid,1756673223954
1756673224.4627125,0.33429,1222.0,ask,1756673223954
1756673224.5548267,0.33361,3297.0,bid,1756673224060
1756673224.5548267,0.33429,828.0,ask,1756673224060
1756673224.8832877,0.33361,3297.0,bid,1756673224367
1756673224.8832877,0.33428,33.0,ask,1756673224367
1756673225.2546544,0.33361,3297.0,bid,1756673224762
1756673225.2546544,0.33428,4127.0,ask,1756673224762
1756673225.4343383,0.33361,3297.0,bid,1756673224945
1756673225.4343383,0.33428,4094.0,ask,1756673224945
1756673225.714118,0.33361,3297.0,bid,1756673225242
1756673225.714118,0.33428,3317.0,ask,1756673225242
1756673226.3092515,0.33361,3297.0,bid,1756673225755
1756673226.3092515,0.33427,33.0,ask,1756673225755
1756673226.9827998,0.33361,3297.0,bid,1756673226565
1756673226.9827998,0.33426,4248.0,ask,1756673226565
1756673227.2918534,0.33361,3297.0,bid,1756673226769
1756673227.2918534,0.33425,33.0,ask,1756673226769
1756673228.2766871,0.33361,3297.0,bid,1756673227638
1756673228.2766871,0.33424,4159.0,ask,1756673227638
1756673228.9167788,0.33361,3297.0,bid,1756673228427
1756673228.9167788,0.33423,33.0,ask,1756673228427
1756673228.9580312,0.33361,3297.0,bid,1756673228484
1756673228.9580312,0.33423,1287.0,ask,1756673228484
1756673229.4291763,0.33361,3297.0,bid,1756673228960
1756673229.4291763,0.33422,4252.0,ask,1756673228960
1756673229.5297513,0.33361,2912.0,bid,1756673229029
1756673229.5297513,0.33422,4252.0,ask,1756673229029
1756673229.708029,0.33361,2912.0,bid,1756673229283
1756673229.708029,0.33421,33.0,ask,1756673229283
1756673230.6268015,0.33361,2912.0,bid,1756673230055
1756673230.6268015,0.33433,49.0,ask,1756673230055
1756673230.6497567,0.33361,2912.0,bid,1756673230114
1756673230.6497567,0.3342,1264.0,ask,1756673230114
1756673230.7087243,0.33361,2912.0,bid,1756673230207
1756673230.7087243,0.3342,5519.0,ask,1756673230207
1756673231.0727608,0.33361,2912.0,bid,1756673230521
1756673231.0727608,0.33419,1870.0,ask,1756673230521
1756673231.4497745,0.33361,2912.0,bid,1756673230919
1756673231.4497745,0.33419,1914.0,ask,1756673230919
1756673231.825004,0.33362,44.0,bid,1756673231271
1756673231.825004,0.33419,1914.0,ask,1756673231271
1756673231.902933,0.33362,44.0,bid,1756673231321
1756673231.902933,0.33418,1229.0,ask,1756673231321
1756673231.902933,0.33362,44.0,bid,1756673231414
1756673231.902933,0.33418,5401.0,ask,1756673231414
1756673232.1462762,0.33362,44.0,bid,1756673231686
1756673232.1462762,0.33418,5445.0,ask,1756673231686
1756673232.2219987,0.33363,3369.0,bid,1756673231746
1756673232.2219987,0.33418,5445.0,ask,1756673231746
1756673232.4719036,0.33363,3369.0,bid,1756673231947
1756673232.4719036,0.33417,44.0,ask,1756673231947
1756673232.5139208,0.33364,44.0,bid,1756673232016
1756673232.5139208,0.33418,5344.0,ask,1756673232016
1756673232.6138167,0.33364,3413.0,bid,1756673232143
1756673232.6138167,0.33418,5344.0,ask,1756673232143
1756673232.8515196,0.33364,3413.0,bid,1756673232348
1756673232.8515196,0.33418,4172.0,ask,1756673232348
1756673232.968253,0.33364,3413.0,bid,1756673232421
1756673232.968253,0.33419,1870.0,ask,1756673232421
1756673233.2894917,0.33364,3413.0,bid,1756673232827
1756673233.2894917,0.33417,1232.0,ask,1756673232827
1756673234.5231493,0.33364,3413.0,bid,1756673234029
1756673234.5231493,0.33416,4186.0,ask,1756673234029
1756673235.251162,0.33364,3413.0,bid,1756673234763
1756673235.251162,0.33415,1220.0,ask,1756673234763
1756673236.2162988,0.33364,3413.0,bid,1756673235666
1756673236.2162988,0.33414,4185.0,ask,1756673235666
1756673236.8063698,0.33364,3413.0,bid,1756673236183
1756673236.8063698,0.33413,1254.0,ask,1756673236183
1756673236.8678422,0.33364,3413.0,bid,1756673236442
1756673236.8678422,0.33414,4185.0,ask,1756673236442
1756673237.1853993,0.33364,3413.0,bid,1756673236680
1756673237.1853993,0.33419,1870.0,ask,1756673236680
1756673237.6517467,0.33364,3413.0,bid,1756673237093
1756673237.6517467,0.33413,4138.0,ask,1756673237093
1756673238.6862526,0.33364,3376.0,bid,1756673238084
1756673238.6862526,0.33413,4138.0,ask,1756673238084
1756673238.7714124,0.33364,3376.0,bid,1756673238221
1756673238.7714124,0.33412,1271.0,ask,1756673238221
1756673239.783168,0.33364,3376.0,bid,1756673239250
1756673239.783168,0.33411,4093.0,ask,1756673239250
1756673240.6123672,0.33364,3279.0,bid,1756673240053
1756673240.6123672,0.3341,1257.0,ask,1756673240053
1756673241.5143044,0.33364,3139.0,bid,1756673241003
1756673241.5143044,0.33409,4129.0,ask,1756673241003
1756673242.4063928,0.33364,3139.0,bid,1756673241888
1756673242.4063928,0.33408,1276.0,ask,1756673241888
1756673242.5737038,0.33364,3048.0,bid,1756673242028
1756673242.5737038,0.33408,1276.0,ask,1756673242028
1756673243.335185,0.33364,3048.0,bid,1756673242688
1756673243.335185,0.33407,4164.0,ask,1756673242688
1756673243.615246,0.33364,3048.0,bid,1756673243085
1756673243.615246,0.33407,3861.0,ask,1756673243085
1756673244.684455,0.33364,3048.0,bid,1756673244105
1756673244.684455,0.33406,1281.0,ask,1756673244105
1756673245.236401,0.33343,4490.0,bid,1756673244736
1756673245.236401,0.33406,1281.0,ask,1756673244736
1756673245.6714227,0.33344,283.0,bid,1756673245012
1756673245.6714227,0.33406,1281.0,ask,1756673245012
1756673245.679341,0.33344,3654.0,bid,1756673245137
1756673245.679341,0.33405,6110.0,ask,1756673245137
1756673246.0185595,0.33344,3654.0,bid,1756673245541
1756673246.0185595,0.33404,283.0,ask,1756673245541
1756673246.3982317,0.33344,3654.0,bid,1756673245940
1756673246.3982317,0.33403,1264.0,ask,1756673245940
1756673246.491454,0.33344,3654.0,bid,1756673246009
1756673246.491454,0.33403,934.0,ask,1756673246009
1756673246.622086,0.33344,3654.0,bid,1756673246139
1756673246.622086,0.33402,283.0,ask,1756673246139
1756673247.394548,0.33344,3654.0,bid,1756673246891
1756673247.394548,0.33401,4098.0,ask,1756673246891
1756673247.4227931,0.33344,3654.0,bid,1756673246942
1756673247.4227931,0.33401,5379.0,ask,1756673246942
1756673247.9492147,0.33344,3654.0,bid,1756673247494
1756673247.9492147,0.334,283.0,ask,1756673247494
1756673248.5913315,0.33344,3617.0,bid,1756673248063
1756673248.5913315,0.334,283.0,ask,1756673248063
1756673248.8614795,0.33344,3617.0,bid,1756673248393
1756673248.8614795,0.33399,1227.0,ask,1756673248393
1756673249.2933028,0.33344,3617.0,bid,1756673248836
1756673249.2933028,0.33398,283.0,ask,1756673248836
1756673249.3779821,0.33344,3617.0,bid,1756673248914
1756673249.3779821,0.33398,4423.0,ask,1756673248914
1756673253.7434072,0.33344,3513.0,bid,1756673253152
1756673253.7434072,0.33398,3267.0,ask,1756673253152
1756673254.1250927,0.33344,3513.0,bid,1756673253692
1756673254.1250927,0.33397,154.0,ask,1756673253692
1756673254.4579585,0.33344,3667.0,bid,1756673253949
1756673254.4579585,0.33397,154.0,ask,1756673253949
1756673254.5766375,0.33344,3667.0,bid,1756673254047
1756673254.5766375,0.33398,3107.0,ask,1756673254047
1756673254.6696792,0.33344,3667.0,bid,1756673254218
1756673254.6696792,0.33409,99.0,ask,1756673254218
1756673254.9636045,0.33345,296.0,bid,1756673254418
1756673254.9636045,0.33409,99.0,ask,1756673254418
1756673255.083118,0.33345,296.0,bid,1756673254622
1756673255.083118,0.33408,4162.0,ask,1756673254622
1756673255.196538,0.33346,3371.0,bid,1756673254749
1756673255.196538,0.33408,4162.0,ask,1756673254749
1756673255.618786,0.33347,296.0,bid,1756673255189
1756673255.618786,0.33408,4162.0,ask,1756673255189
1756673256.0376053,0.33348,3371.0,bid,1756673255554
1756673256.0376053,0.33407,1871.0,ask,1756673255554
1756673256.3730748,0.33349,296.0,bid,1756673255903
1756673256.3730748,0.33407,1871.0,ask,1756673255903
1756673256.5109074,0.33349,296.0,bid,1756673256017
1756673256.5109074,0.33406,1268.0,ask,1756673256017
1756673256.7082484,0.3335,3370.0,bid,1756673256182
1756673256.7082484,0.33406,5498.0,ask,1756673256182
1756673257.062588,0.33351,296.0,bid,1756673256590
1756673257.062588,0.33406,5498.0,ask,1756673256590
1756673257.3169937,0.33352,3370.0,bid,1756673256847
1756673257.3169937,0.33406,5498.0,ask,1756673256847
1756673257.6321988,0.33353,296.0,bid,1756673257109
1756673257.6321988,0.33406,5498.0,ask,1756673257109
1756673257.8881495,0.33354,2902.0,bid,1756673257450
1756673257.8881495,0.33406,5498.0,ask,1756673257450
1756673258.348711,0.33355,296.0,bid,1756673257771
1756673258.348711,0.33406,5498.0,ask,1756673257771
1756673258.8945327,0.33356,2228.0,bid,1756673258268
1756673258.8945327,0.33406,5498.0,ask,1756673258268
1756673259.315946,0.33357,296.0,bid,1756673258775
1756673259.315946,0.33406,5498.0,ask,1756673258775
1756673259.530591,0.33356,2160.0,bid,1756673259068
1756673259.530591,0.33406,5415.0,ask,1756673259068
1756673259.6486862,0.33358,1554.0,bid,1756673259175
1756673259.6486862,0.33406,5415.0,ask,1756673259175
1756673261.510347,0.33359,1213.0,bid,1756673261011
1756673261.510347,0.33406,5415.0,ask,1756673261011
1756673262.5393906,0.33359,997.0,bid,1756673262024
1756673262.5393906,0.33406,5299.0,ask,1756673262024
1756673267.7118726,0.33359,997.0,bid,1756673267256
1756673267.7118726,0.33406,4230.0,ask,1756673267256
1756673269.559728,0.33359,958.0,bid,1756673269109
1756673269.559728,0.33406,4230.0,ask,1756673269109
1756673270.4469118,0.33359,958.0,bid,1756673269986
1756673270.4469118,0.33409,99.0,ask,1756673269986
1756673270.576745,0.33359,715.0,bid,1756673270106
1756673270.576745,0.33409,99.0,ask,1756673270106
1756673271.0812063,0.33359,715.0,bid,1756673270552
1756673271.0812063,0.33408,1268.0,ask,1756673270552
1756673271.57717,0.33359,678.0,bid,1756673271001
1756673271.57717,0.33408,1268.0,ask,1756673271001
1756673271.9670105,0.33359,678.0,bid,1756673271476
1756673271.9670105,0.3342,98.0,ask,1756673271476
1756673272.40383,0.33359,678.0,bid,1756673271882
1756673272.40383,0.33419,3705.0,ask,1756673271882
1756673272.525073,0.33359,588.0,bid,1756673272014
1756673272.525073,0.33419,3705.0,ask,1756673272014
1756673272.7106688,0.3336,336.0,bid,1756673272241
1756673272.7106688,0.33419,3705.0,ask,1756673272241
1756673272.7997315,0.3336,336.0,bid,1756673272367
1756673272.7997315,0.33418,336.0,ask,1756673272367
1756673272.9767582,0.33361,3369.0,bid,1756673272442
1756673272.9767582,0.33418,336.0,ask,1756673272442
1756673273.1354842,0.33361,3369.0,bid,1756673272649
1756673273.1354842,0.33417,3369.0,ask,1756673272649
1756673273.5826206,0.33362,336.0,bid,1756673272973
1756673273.5826206,0.33416,336.0,ask,1756673272973
1756673273.8275151,0.33362,336.0,bid,1756673273051
1756673273.8275151,0.33416,33.0,ask,1756673273051
1756673273.9899302,0.33363,3163.0,bid,1756673273481
1756673273.9899302,0.33415,2618.0,ask,1756673273481
1756673274.4028504,0.33364,336.0,bid,1756673273926
1756673274.4028504,0.33414,33.0,ask,1756673273926
1756673274.7496886,0.33365,1818.0,bid,1756673274332
1756673274.7496886,0.33413,1273.0,ask,1756673274332
1756673275.619674,0.33366,303.0,bid,1756673275122
1756673275.619674,0.33413,1273.0,ask,1756673275122
1756673275.8311388,0.33366,303.0,bid,1756673275402
1756673275.8311388,0.33425,98.0,ask,1756673275402
1756673276.2507434,0.33367,3369.0,bid,1756673275736
1756673276.2507434,0.33412,4071.0,ask,1756673275736
1756673276.4269338,0.33367,3369.0,bid,1756673276024
1756673276.4269338,0.33412,3706.0,ask,1756673276024
1756673276.607451,0.33368,303.0,bid,1756673276142
1756673276.607451,0.33412,3706.0,ask,1756673276142
1756673276.782826,0.33368,303.0,bid,1756673276292
1756673276.782826,0.33424,98.0,ask,1756673276292
1756673277.0026634,0.33369,3369.0,bid,1756673276551
1756673277.0026634,0.33423,3319.0,ask,1756673276551
1756673277.170455,0.33369,3369.0,bid,1756673276692
1756673277.170455,0.33411,4124.0,ask,1756673276692
1756673277.385784,0.3337,336.0,bid,1756673276894
1756673277.385784,0.33411,4124.0,ask,1756673276894
1756673277.5758505,0.3337,303.0,bid,1756673277095
1756673277.5758505,0.33411,4124.0,ask,1756673277095
1756673277.910546,0.33371,303.0,bid,1756673277364
1756673277.910546,0.33411,4124.0,ask,1756673277364
1756673278.6161263,0.33371,266.0,bid,1756673278033
1756673278.6161263,0.33411,3816.0,ask,1756673278033
1756673278.7530777,0.33333,336.0,bid,1756673278100
1756673278.7530777,0.33411,3816.0,ask,1756673278100
1756673279.0372646,0.33334,3371.0,bid,1756673278531
1756673279.0372646,0.3341,3371.0,ask,1756673278531
1756673279.2444534,0.33372,266.0,bid,1756673278782
1756673279.2444534,0.3341,3371.0,ask,1756673278782
1756673279.651446,0.33372,266.0,bid,1756673279188
1756673279.651446,0.3341,111.0,ask,1756673279188
1756673279.7774022,0.33335,573.0,bid,1756673279319
1756673279.7774022,0.3341,111.0,ask,1756673279319
1756673279.8505204,0.33335,573.0,bid,1756673279388
1756673279.8505204,0.33422,98.0,ask,1756673279388
1756673279.9991624,0.33336,377.0,bid,1756673279522
1756673279.9991624,0.33409,4207.0,ask,1756673279522
1756673280.0991771,0.33336,3748.0,bid,1756673279591
1756673280.0991771,0.33409,7578.0,ask,1756673279591
1756673280.4561074,0.33336,3371.0,bid,1756673279935
1756673280.4561074,0.33409,7578.0,ask,1756673279935
1756673280.7700596,0.33336,3371.0,bid,1756673280221
1756673280.7700596,0.33408,111.0,ask,1756673280221
1756673281.0838242,0.33337,377.0,bid,1756673280612
1756673281.0838242,0.33407,3371.0,ask,1756673280612
1756673281.5127556,0.33338,3371.0,bid,1756673281015
1756673281.5127556,0.33406,111.0,ask,1756673281015
1756673281.8538089,0.33339,377.0,bid,1756673281348
1756673281.8538089,0.33406,111.0,ask,1756673281348
1756673281.869565,0.33339,377.0,bid,1756673281413
1756673281.869565,0.33405,3371.0,ask,1756673281413
1756673282.084452,0.3334,3371.0,bid,1756673281619
1756673282.084452,0.33405,3371.0,ask,1756673281619
1756673282.1560068,0.3334,3371.0,bid,1756673281675
1756673282.1560068,0.33404,111.0,ask,1756673281675
1756673282.3998847,0.33341,377.0,bid,1756673281876
1756673282.3998847,0.33404,111.0,ask,1756673281876
1756673282.4919448,0.33341,377.0,bid,1756673282017
1756673282.4919448,0.33403,3371.0,ask,1756673282017
1756673282.6751418,0.33342,3371.0,bid,1756673282217
1756673282.6751418,0.33403,3371.0,ask,1756673282217
1756673282.878615,0.33342,3371.0,bid,1756673282417
1756673282.878615,0.33402,111.0,ask,1756673282417
1756673282.9295962,0.33343,377.0,bid,1756673282480
1756673282.9295962,0.33402,111.0,ask,1756673282480
1756673283.300714,0.33344,3371.0,bid,1756673282828
1756673283.300714,0.33401,3371.0,ask,1756673282828
1756673283.696004,0.33344,3267.0,bid,1756673283070
1756673283.696004,0.33401,3371.0,ask,1756673283070
1756673283.7985308,0.33345,377.0,bid,1756673283170
1756673283.7985308,0.334,111.0,ask,1756673283170
1756673283.8105862,0.33345,377.0,bid,1756673283283
1756673283.8105862,0.334,3482.0,ask,1756673283283
1756673284.3553188,0.33345,2251.0,bid,1756673283800
1756673284.3553188,0.334,3482.0,ask,1756673283800
1756673284.5096183,0.33346,3371.0,bid,1756673283868
1756673284.5096183,0.334,3482.0,ask,1756673283868
1756673284.6748748,0.33346,3371.0,bid,1756673284073
1756673284.6748748,0.334,3027.0,ask,1756673284073
1756673284.8295836,0.33347,377.0,bid,1756673284348
1756673284.8295836,0.334,3027.0,ask,1756673284348
1756673285.1189241,0.33347,4608.0,bid,1756673284608
1756673285.1189241,0.334,3027.0,ask,1756673284608
1756673285.2351143,0.33349,2990.0,bid,1756673284667
1756673285.2351143,0.334,3027.0,ask,1756673284667
1756673285.572185,0.3335,377.0,bid,1756673285070
1756673285.572185,0.334,3027.0,ask,1756673285070
1756673285.6929948,0.3335,3847.0,bid,1756673285146
1756673285.6929948,0.334,3027.0,ask,1756673285146
1756673286.1133108,0.33351,4224.0,bid,1756673285619
1756673286.1133108,0.3345,2500.0,ask,1756673285619
1756673286.2381907,0.33352,1996.0,bid,1756673285713
1756673286.2381907,0.3345,2500.0,ask,1756673285713
1756673286.4598107,0.33352,5741.0,bid,1756673285980
1756673286.4598107,0.3345,2500.0,ask,1756673285980
1756673286.8076253,0.33353,1263.0,bid,1756673286363
1756673286.8076253,0.3345,1528.0,ask,1756673286363
1756673287.1210835,0.33354,3368.0,bid,1756673286668
1756673287.1210835,0.3345,1528.0,ask,1756673286668
1756673287.3519692,0.33354,5242.0,bid,1756673286774
1756673287.3519692,0.3345,1528.0,ask,1756673286774
1756673287.560537,0.33355,377.0,bid,1756673287069
1756673287.560537,0.3345,1443.0,ask,1756673287069
1756673287.870205,0.33355,4559.0,bid,1756673287391
1756673287.870205,0.3345,1443.0,ask,1756673287391
1756673287.9461083,0.33356,3368.0,bid,1756673287475
1756673287.9461083,0.3345,1443.0,ask,1756673287475
1756673288.3839557,0.33357,377.0,bid,1756673287873
1756673288.3839557,0.3345,1443.0,ask,1756673287873
1756673288.9049163,0.33357,9232.0,bid,1756673288197
1756673288.9049163,0.3345,1443.0,ask,1756673288197
1756673289.5269594,0.33357,8932.0,bid,1756673289010
1756673289.5269594,0.3345,1443.0,ask,1756673289010
1756673289.8958516,0.33357,9282.0,bid,1756673289422
1756673289.8958516,0.3345,1443.0,ask,1756673289422
1756673290.3035057,0.33359,1996.0,bid,1756673289739
1756673290.3035057,0.33449,350.0,ask,1756673289739
1756673290.5395818,0.33359,1996.0,bid,1756673290013
1756673290.5395818,0.33449,267.0,ask,1756673290013
1756673290.7751038,0.3336,3795.0,bid,1756673290297
1756673290.7751038,0.33449,267.0,ask,1756673290297
1756673291.138826,0.33361,1646.0,bid,1756673290625
1756673291.138826,0.33449,267.0,ask,1756673290625
1756673291.190835,0.33361,5799.0,bid,1756673290707
1756673291.190835,0.3345,660.0,ask,1756673290707
1756673291.4930885,0.33362,3368.0,bid,1756673290912
1756673291.4930885,0.3345,660.0,ask,1756673290912
1756673291.6000202,0.33362,3795.0,bid,1756673291036
1756673291.6000202,0.3345,660.0,ask,1756673291036
1756673291.7891436,0.33362,5791.0,bid,1756673291312
1756673291.7891436,0.3345,660.0,ask,1756673291312
1756673292.2901776,0.33363,1279.0,bid,1756673291863
1756673292.2901776,0.3345,660.0,ask,1756673291863
1756673292.5456064,0.33363,1105.0,bid,1756673292011
1756673292.5456064,0.3345,566.0,ask,1756673292011
1756673292.6910362,0.33363,5717.0,bid,1756673292122
1756673292.6910362,0.3345,566.0,ask,1756673292122
1756673292.7663045,0.33364,3368.0,bid,1756673292239
1756673292.7663045,0.3345,566.0,ask,1756673292239
1756673292.8870645,0.33364,3368.0,bid,1756673292337
1756673292.8870645,0.33616,3802.0,ask,1756673292337
1756673293.202227,0.33365,427.0,bid,1756673292656
1756673293.202227,0.33584,4090.0,ask,1756673292656
1756673293.269643,0.33365,2423.0,bid,1756673292744
1756673293.269643,0.33584,4090.0,ask,1756673292744
1756673293.8433905,0.33427,4148.0,bid,1756673293157
1756673293.8433905,0.33584,4090.0,ask,1756673293157
1756673294.3753674,0.33428,1870.0,bid,1756673293813
1756673294.3753674,0.33583,1861.0,ask,1756673293813
1756673294.6259282,0.33428,5127.0,bid,1756673294055
1756673294.6259282,0.33583,1861.0,ask,1756673294055
1756673294.7917926,0.33428,5554.0,bid,1756673294200
1756673294.7917926,0.33583,1861.0,ask,1756673294200
1756673295.2532532,0.33428,6832.0,bid,1756673294682
1756673295.2532532,0.33583,1861.0,ask,1756673294682
1756673295.5761552,0.33429,427.0,bid,1756673295001
1756673295.5761552,0.33583,1861.0,ask,1756673295001
1756673295.7537827,0.33429,4497.0,bid,1756673295173
1756673295.7537827,0.33582,4097.0,ask,1756673295173
1756673296.145805,0.3343,3358.0,bid,1756673295475
1756673296.145805,0.33582,4097.0,ask,1756673295475
1756673296.5703504,0.33431,427.0,bid,1756673296052
1756673296.5703504,0.33582,4097.0,ask,1756673296052
1756673296.764965,0.33431,1658.0,bid,1756673296201
1756673296.764965,0.33582,4097.0,ask,1756673296201
1756673296.895006,0.33431,3654.0,bid,1756673296301
1756673296.895006,0.33582,4097.0,ask,1756673296301
1756673297.0648746,0.33431,7012.0,bid,1756673296442
1756673297.0648746,0.33582,4097.0,ask,1756673296442
1756673297.1488838,0.33431,11155.0,bid,1756673296524
1756673297.1488838,0.33582,4097.0,ask,1756673296524
1756673297.3243687,0.33431,11155.0,bid,1756673296773
1756673297.3243687,0.33614,1859.0,ask,1756673296773
1756673298.0935807,0.33431,11155.0,bid,1756673297517
1756673298.0935807,0.33613,4182.0,ask,1756673297517
1756673298.2771058,0.33431,11155.0,bid,1756673297713
1756673298.2771058,0.33613,5453.0,ask,1756673297713
1756673298.502572,0.33433,1996.0,bid,1756673297963
1756673298.502572,0.33613,5453.0,ask,1756673297963
1756673298.9946268,0.33434,3237.0,bid,1756673298323
1756673298.9946268,0.33613,5453.0,ask,1756673298323
1756673299.5304217,0.33435,427.0,bid,1756673298923
1756673299.5304217,0.33613,5453.0,ask,1756673298923
1756673299.7334168,0.33435,391.0,bid,1756673299018
1756673299.7334168,0.33613,5453.0,ask,1756673299018
1756673299.754909,0.33435,4125.0,bid,1756673299219
1756673299.754909,0.33613,5453.0,ask,1756673299219
1756673299.8448114,0.33435,5361.0,bid,1756673299371
1756673299.8448114,0.33613,5453.0,ask,1756673299371
1756673300.0668135,0.33435,8284.0,bid,1756673299491
1756673300.0668135,0.33613,5453.0,ask,1756673299491
1756673300.1290636,0.33436,3356.0,bid,1756673299577
1756673300.1290636,0.33613,5453.0,ask,1756673299577
1756673300.2349691,0.33436,5352.0,bid,1756673299669
1756673300.2349691,0.33613,5453.0,ask,1756673299669
1756673300.6447475,0.33436,5255.0,bid,1756673300085
1756673300.6447475,0.33613,5453.0,ask,1756673300085
1756673300.716766,0.33437,391.0,bid,1756673300183
1756673300.716766,0.33613,5453.0,ask,1756673300183
1756673301.1152527,0.33438,3356.0,bid,1756673300591
1756673301.1152527,0.33613,5453.0,ask,1756673300591
1756673301.5392845,0.33439,4595.0,bid,1756673300953
1756673301.5392845,0.33613,5453.0,ask,1756673300953
1756673301.5490854,0.33439,4428.0,bid,1756673301037
1756673301.5490854,0.33613,5453.0,ask,1756673301037
1756673301.835343,0.33439,5365.0,bid,1756673301308
1756673301.835343,0.33613,5453.0,ask,1756673301308
1756673301.8945756,0.33439,8721.0,bid,1756673301391
1756673301.8945756,0.33613,5453.0,ask,1756673301391
1756673302.436192,0.33441,2990.0,bid,1756673301911
1756673302.436192,0.33613,5453.0,ask,1756673301911
1756673302.6106434,0.33441,2900.0,bid,1756673302000
1756673302.6106434,0.33613,4182.0,ask,1756673302000
1756673302.714741,0.33441,2900.0,bid,1756673302183
1756673302.714741,0.3362,4474.0,ask,1756673302183
1756673302.7454288,0.33442,3356.0,bid,1756673302244
1756673302.7454288,0.3362,4474.0,ask,1756673302244
1756673302.8510795,0.33442,4622.0,bid,1756673302402
1756673302.8510795,0.3362,4474.0,ask,1756673302402
1756673303.1560774,0.33443,3734.0,bid,1756673302601
1756673303.1560774,0.33612,51.0,ask,1756673302601
1756673303.270362,0.33443,5730.0,bid,1756673302718
1756673303.270362,0.33612,51.0,ask,1756673302718
1756673303.4263866,0.33443,10054.0,bid,1756673302815
1756673303.4263866,0.33612,51.0,ask,1756673302815
1756673303.567877,0.33443,10054.0,bid,1756673303019
1756673303.567877,0.33619,4138.0,ask,1756673303019
1756673303.721273,0.33444,3355.0,bid,1756673303093
1756673303.721273,0.33619,8612.0,ask,1756673303093
1756673303.7254155,0.33444,3576.0,bid,1756673303221
1756673303.7254155,0.33619,8612.0,ask,1756673303221
1756673303.94389,0.33444,7826.0,bid,1756673303325
1756673303.94389,0.33619,4474.0,ask,1756673303325
1756673304.0910208,0.33444,7826.0,bid,1756673303423
1756673304.0910208,0.33641,1858.0,ask,1756673303423
1756673304.341924,0.33445,1254.0,bid,1756673303728
1756673304.341924,0.33641,1858.0,ask,1756673303728
1756673304.4309423,0.33445,5016.0,bid,1756673303804
1756673304.4309423,0.33641,1858.0,ask,1756673303804
1756673304.4649038,0.33445,5016.0,bid,1756673303927
1756673304.4649038,0.33618,170.0,ask,1756673303927
1756673304.8246074,0.33446,3354.0,bid,1756673304237
1756673304.8246074,0.3364,170.0,ask,1756673304237
1756673304.986517,0.33446,5350.0,bid,1756673304338
1756673304.986517,0.3364,170.0,ask,1756673304338
1756673305.0802763,0.33446,5350.0,bid,1756673304532
1756673305.0802763,0.33617,170.0,ask,1756673304532
1756673305.2750278,0.33447,221.0,bid,1756673304734
1756673305.2750278,0.33617,170.0,ask,1756673304734
1756673305.404702,0.33447,3762.0,bid,1756673304841
1756673305.404702,0.33639,170.0,ask,1756673304841
1756673305.5145502,0.33447,7876.0,bid,1756673304937
1756673305.5145502,0.33639,170.0,ask,1756673304937
1756673305.6227977,0.33448,4628.0,bid,1756673305043
1756673305.6227977,0.33639,170.0,ask,1756673305043
1756673305.6646047,0.33448,4628.0,bid,1756673305138
1756673305.6646047,0.33616,4154.0,ask,1756673305138
1756673305.9118178,0.33448,4628.0,bid,1756673305341
1756673305.9118178,0.33616,4324.0,ask,1756673305341
1756673306.0937438,0.33449,221.0,bid,1756673305542
1756673306.0937438,0.33615,1859.0,ask,1756673305542
1756673306.184454,0.33449,221.0,bid,1756673305646
1756673306.184454,0.33692,128022.0,ask,1756673305646
1756673306.3926742,0.33449,221.0,bid,1756673305847
1756673306.3926742,0.33664,195.0,ask,1756673305847
1756673306.480471,0.3345,7550.0,bid,1756673305947
1756673306.480471,0.33664,195.0,ask,1756673305947
1756673306.585695,0.3345,7550.0,bid,1756673306044
1756673306.585695,0.33692,127963.0,ask,1756673306044
1756673306.7101772,0.33498,2990.0,bid,1756673306150
1756673306.7101772,0.33676,4230.0,ask,1756673306150
1756673306.9373083,0.33498,2990.0,bid,1756673306355
1756673306.9373083,0.33691,1855.0,ask,1756673306355
1756673307.2633886,0.33499,7698.0,bid,1756673306553
1756673307.2633886,0.33691,1855.0,ask,1756673306553
1756673307.2984576,0.33499,9147.0,bid,1756673306660
1756673307.2984576,0.33692,127963.0,ask,1756673306660
1756673307.667275,0.335,221.0,bid,1756673307066
1756673307.667275,0.33692,127963.0,ask,1756673307066
1756673308.0143769,0.33501,3597.0,bid,1756673307463
1756673308.0143769,0.33692,127963.0,ask,1756673307463
1756673308.1219885,0.33501,3597.0,bid,1756673307566
1756673308.1219885,0.33691,4130.0,ask,1756673307566
1756673308.3085642,0.33502,221.0,bid,1756673307863
1756673308.3085642,0.33691,4130.0,ask,1756673307863
1756673308.390335,0.33502,221.0,bid,1756673307919
1756673308.390335,0.33691,5985.0,ask,1756673307919
1756673308.474568,0.33502,4449.0,bid,1756673307978
1756673308.474568,0.33691,5985.0,ask,1756673307978
1756673308.5932908,0.33502,4449.0,bid,1756673308065
1756673308.5932908,0.33691,5677.0,ask,1756673308065
1756673308.6631522,0.33503,3597.0,bid,1756673308119
1756673308.6631522,0.33667,24581.0,ask,1756673308119
1756673309.1110835,0.33504,221.0,bid,1756673308522
1756673309.1110835,0.33666,1856.0,ask,1756673308522
1756673309.3722136,0.33505,3597.0,bid,1756673308921
1756673309.3722136,0.33666,3137.0,ask,1756673308921
1756673309.8051436,0.33506,2217.0,bid,1756673309275
1756673309.8051436,0.33666,3137.0,ask,1756673309275
1756673310.2384791,0.33507,3597.0,bid,1756673309678
1756673310.2384791,0.33665,4106.0,ask,1756673309678
1756673310.3123026,0.33507,3818.0,bid,1756673309738
1756673310.3123026,0.33665,4106.0,ask,1756673309738
1756673310.6128256,0.33508,221.0,bid,1756673310139
1756673310.6128256,0.33665,4106.0,ask,1756673310139
1756673310.9368231,0.33509,3597.0,bid,1756673310453
1756673310.9368231,0.33665,4106.0,ask,1756673310453
1756673311.0620103,0.33509,3597.0,bid,1756673310611
1756673311.0620103,0.33664,1219.0,ask,1756673310611
1756673311.249584,0.3351,221.0,bid,1756673310743
1756673311.249584,0.33664,1219.0,ask,1756673310743
1756673311.671111,0.33511,3597.0,bid,1756673311148
1756673311.671111,0.33664,1219.0,ask,1756673311148
1756673311.7705464,0.33512,1996.0,bid,1756673311298
1756673311.7705464,0.33663,4096.0,ask,1756673311298
1756673312.0438476,0.33513,3597.0,bid,1756673311563
1756673312.0438476,0.33663,4096.0,ask,1756673311563
1756673312.1451871,0.33513,7732.0,bid,1756673311702
1756673312.1451871,0.33663,4096.0,ask,1756673311702
1756673312.484304,0.33514,221.0,bid,1756673311964
1756673312.484304,0.33662,1247.0,ask,1756673311964
1756673312.5749667,0.33514,116.0,bid,1756673312086
1756673312.5749667,0.33662,1247.0,ask,1756673312086
1756673312.7751276,0.33514,413.0,bid,1756673312350
1756673312.7751276,0.33662,1247.0,ask,1756673312350
1756673312.8333323,0.33515,3597.0,bid,1756673312424
1756673312.8333323,0.33662,1247.0,ask,1756673312424
1756673313.0803463,0.33516,413.0,bid,1756673312645
1756673313.0803463,0.33662,1247.0,ask,1756673312645
1756673313.1689348,0.33516,413.0,bid,1756673312688
1756673313.1689348,0.33661,297.0,ask,1756673312688
1756673313.464113,0.33516,4574.0,bid,1756673312940
1756673313.464113,0.33661,4370.0,ask,1756673312940
1756673313.5316882,0.33517,3597.0,bid,1756673312961
1756673313.5316882,0.33661,4370.0,ask,1756673312961
1756673313.5543199,0.33517,5462.0,bid,1756673312962
1756673313.5543199,0.33661,4370.0,ask,1756673312962
1756673313.7533,0.33517,7458.0,bid,1756673313212
1756673313.7533,0.33661,4370.0,ask,1756673313212
1756673314.048588,0.33518,413.0,bid,1756673313411
1756673314.048588,0.33661,4370.0,ask,1756673313411
1756673314.6358013,0.33518,413.0,bid,1756673314046
1756673314.6358013,0.33661,4106.0,ask,1756673314046
1756673314.744692,0.33518,2409.0,bid,1756673314203
1756673314.744692,0.33661,4106.0,ask,1756673314203
1756673314.9114149,0.33519,3597.0,bid,1756673314264
1756673314.9114149,0.33661,4106.0,ask,1756673314264
1756673315.0205045,0.33519,6720.0,bid,1756673314529
1756673315.0205045,0.33661,4106.0,ask,1756673314529
1756673315.174052,0.33519,10962.0,bid,1756673314598
1756673315.174052,0.33661,4106.0,ask,1756673314598
1756673315.399624,0.3352,413.0,bid,1756673314827
1756673315.399624,0.33661,4106.0,ask,1756673314827
1756673315.9806566,0.33521,3597.0,bid,1756673315358
1756673315.9806566,0.3366,1271.0,ask,1756673315358
1756673316.5454948,0.33522,413.0,bid,1756673315949
1756673316.5454948,0.33659,33.0,ask,1756673315949
1756673316.737864,0.33522,4619.0,bid,1756673316069
1756673316.737864,0.33659,33.0,ask,1756673316069
1756673316.9101546,0.33522,4619.0,bid,1756673316274
1756673316.9101546,0.33659,4143.0,ask,1756673316274
1756673317.1325247,0.33523,3597.0,bid,1756673316561
1756673317.1325247,0.33659,4143.0,ask,1756673316561
1756673317.216756,0.33523,5593.0,bid,1756673316671
1756673317.216756,0.33659,4143.0,ask,1756673316671
1756673317.2619317,0.33523,5593.0,bid,1756673316827
1756673317.2619317,0.33658,1253.0,ask,1756673316827
1756673317.6293962,0.33523,5593.0,bid,1756673317069
1756673317.6293962,0.33658,1168.0,ask,1756673317069
1756673317.724134,0.33524,413.0,bid,1756673317165
1756673317.724134,0.33658,1168.0,ask,1756673317165
1756673317.8063397,0.33524,413.0,bid,1756673317262
1756673317.8063397,0.33657,33.0,ask,1756673317262
1756673318.0752413,0.33525,3597.0,bid,1756673317567
1756673318.0752413,0.33657,33.0,ask,1756673317567
1756673318.5725281,0.33526,413.0,bid,1756673317955
1756673318.5725281,0.33656,4225.0,ask,1756673317955
1756673318.8569252,0.33526,6006.0,bid,1756673318322
1756673318.8569252,0.33656,5452.0,ask,1756673318322
1756673319.3146174,0.33526,6006.0,bid,1756673318804
1756673319.3146174,0.33655,33.0,ask,1756673318804
1756673319.6000292,0.33526,5661.0,bid,1756673319004
1756673319.6000292,0.33655,33.0,ask,1756673319004
1756673319.8881292,0.33526,6165.0,bid,1756673319376
1756673319.8881292,0.33655,33.0,ask,1756673319376
1756673320.2893937,0.33526,6165.0,bid,1756673319745
1756673320.2893937,0.33655,537.0,ask,1756673319745
1756673320.3684042,0.33527,4841.0,bid,1756673319888
1756673320.3684042,0.33655,537.0,ask,1756673319888
1756673320.542188,0.33527,4841.0,bid,1756673320023
1756673320.542188,0.33655,454.0,ask,1756673320023
1756673320.639999,0.33528,2568.0,bid,1756673320122
1756673320.639999,0.33655,454.0,ask,1756673320122
1756673320.8146894,0.33528,6165.0,bid,1756673320325
1756673320.8146894,0.33654,4148.0,ask,1756673320325
1756673321.1147878,0.33529,572.0,bid,1756673320558
1756673321.1147878,0.33654,4148.0,ask,1756673320558
1756673321.22766,0.33529,572.0,bid,1756673320737
1756673321.22766,0.33655,454.0,ask,1756673320737
1756673321.3746805,0.33529,572.0,bid,1756673320850
1756673321.3746805,0.33665,454.0,ask,1756673320850
1756673321.6839178,0.3353,3597.0,bid,1756673321000
1756673321.6839178,0.33665,454.0,ask,1756673321000
1756673321.824083,0.3353,7747.0,bid,1756673321291
1756673321.824083,0.33654,454.0,ask,1756673321291
1756673321.8638065,0.3353,3597.0,bid,1756673321426
1756673321.8638065,0.33654,454.0,ask,1756673321426
1756673322.0939338,0.33531,2568.0,bid,1756673321607
1756673322.0939338,0.33664,454.0,ask,1756673321607
1756673322.3573399,0.33531,2568.0,bid,1756673321876
1756673322.3573399,0.33653,454.0,ask,1756673321876
1756673322.4157584,0.33532,3597.0,bid,1756673321944
1756673322.4157584,0.33653,454.0,ask,1756673321944
1756673322.5688477,0.33532,3959.0,bid,1756673322016
1756673322.5688477,0.33653,341.0,ask,1756673322016
1756673322.6181102,0.33532,3959.0,bid,1756673322143
1756673322.6181102,0.33652,1857.0,ask,1756673322143
1756673322.8791208,0.33533,572.0,bid,1756673322346
1756673322.8791208,0.33652,1857.0,ask,1756673322346
1756673323.0733953,0.33533,572.0,bid,1756673322611
1756673323.0733953,0.33651,454.0,ask,1756673322611
1756673323.1621928,0.33534,3545.0,bid,1756673322683
1756673323.1621928,0.33651,4655.0,ask,1756673322683
1756673323.2238595,0.33534,3545.0,bid,1756673322745
1756673323.2238595,0.33651,5881.0,ask,1756673322745
1756673323.3977442,0.33535,572.0,bid,1756673322945
1756673323.3977442,0.3365,341.0,ask,1756673322945
1756673323.8706183,0.33536,3545.0,bid,1756673323348
1756673323.8706183,0.3365,341.0,ask,1756673323348
1756673324.3232045,0.33537,572.0,bid,1756673323687
1756673324.3232045,0.33649,4145.0,ask,1756673323687
1756673324.3232045,0.33537,572.0,bid,1756673323819
1756673324.3232045,0.33649,5418.0,ask,1756673323819
1756673324.6158292,0.33538,3545.0,bid,1756673324148
1756673324.6158292,0.33649,5418.0,ask,1756673324148
1756673324.8055956,0.33538,3545.0,bid,1756673324351
1756673324.8055956,0.33648,341.0,ask,1756673324351
1756673325.0416505,0.33539,572.0,bid,1756673324554
1756673325.0416505,0.33648,341.0,ask,1756673324554
1756673325.5459106,0.3354,3545.0,bid,1756673325028
1756673325.5459106,0.33648,341.0,ask,1756673325028
1756673325.7536387,0.3354,3545.0,bid,1756673325286
1756673325.7536387,0.33647,4086.0,ask,1756673325286
1756673325.905143,0.33541,572.0,bid,1756673325431
1756673325.905143,0.33647,4086.0,ask,1756673325431
1756673326.1740427,0.33542,3545.0,bid,1756673325671
1756673326.1740427,0.33647,4086.0,ask,1756673325671
1756673326.2337964,0.33542,3545.0,bid,1756673325757
1756673326.2337964,0.33646,1574.0,ask,1756673325757
1756673326.5371432,0.33543,2568.0,bid,1756673326035
1756673326.5371432,0.33645,341.0,ask,1756673326035
1756673326.8836482,0.33544,572.0,bid,1756673326361
1756673326.8836482,0.33645,341.0,ask,1756673326361
1756673326.9708865,0.33544,4117.0,bid,1756673326497
1756673326.9708865,0.33645,341.0,ask,1756673326497
1756673327.1884024,0.33544,4117.0,bid,1756673326638
1756673327.1884024,0.33644,4200.0,ask,1756673326638
1756673327.295071,0.33544,4117.0,bid,1756673326839
1756673327.295071,0.33645,341.0,ask,1756673326839
1756673327.6049728,0.33544,4117.0,bid,1756673327099
1756673327.6049728,0.33651,341.0,ask,1756673327099
1756673327.8064456,0.33544,4117.0,bid,1756673327369
1756673327.8064456,0.33644,341.0,ask,1756673327369
1756673327.9466028,0.33546,1996.0,bid,1756673327498
1756673327.9466028,0.33644,341.0,ask,1756673327498
1756673328.1104612,0.33546,1996.0,bid,1756673327623
1756673328.1104612,0.3365,341.0,ask,1756673327623
1756673328.2165384,0.33547,3545.0,bid,1756673327762
1756673328.2165384,0.3365,341.0,ask,1756673327762
1756673328.3423548,0.33547,4117.0,bid,1756673327899
1756673328.3423548,0.3365,341.0,ask,1756673327899
1756673328.3937738,0.33547,4117.0,bid,1756673327964
1756673328.3937738,0.33643,341.0,ask,1756673327964
1756673328.6708362,0.33547,4081.0,bid,1756673328082
1756673328.6708362,0.33652,1827.0,ask,1756673328082
1756673328.7802398,0.33548,572.0,bid,1756673328318
1756673328.7802398,0.33652,1827.0,ask,1756673328318
1756673328.9038901,0.33548,4690.0,bid,1756673328441
1756673328.9038901,0.33652,1827.0,ask,1756673328441
1756673329.14635,0.33549,3536.0,bid,1756673328577
1756673329.14635,0.33652,1827.0,ask,1756673328577
1756673329.5546508,0.3355,572.0,bid,1756673329116
1756673329.5546508,0.33652,1827.0,ask,1756673329116
1756673329.6361456,0.3355,572.0,bid,1756673329179
1756673329.6361456,0.33666,1856.0,ask,1756673329179
1756673329.8138819,0.3355,4108.0,bid,1756673329379
1756673329.8138819,0.33667,12276.0,ask,1756673329379
1756673330.0565197,0.3355,5371.0,bid,1756673329583
1756673330.0565197,0.33692,203.0,ask,1756673329583
1756673330.378433,0.33551,6145.0,bid,1756673329927
1756673330.378433,0.33692,203.0,ask,1756673329927
1756673330.5917826,0.33551,5967.0,bid,1756673330125
1756673330.5917826,0.33692,203.0,ask,1756673330125
1756673330.6340275,0.33552,572.0,bid,1756673330182
1756673330.6340275,0.33692,203.0,ask,1756673330182
1756673330.8283215,0.33552,4108.0,bid,1756673330293
1756673330.8283215,0.33692,203.0,ask,1756673330293
1756673331.0442326,0.33552,4108.0,bid,1756673330545
1756673331.0442326,0.33691,4108.0,ask,1756673330545
1756673331.4523454,0.33553,4239.0,bid,1756673330909
1756673331.4523454,0.33691,4108.0,ask,1756673330909
1756673331.6357398,0.33553,4203.0,bid,1756673331109
1756673331.6357398,0.33691,4108.0,ask,1756673331109
1756673331.6497383,0.33554,2179.0,bid,1756673331191
1756673331.6497383,0.33691,4108.0,ask,1756673331191
1756673331.7847545,0.33554,5715.0,bid,1756673331318
1756673331.7847545,0.33691,4108.0,ask,1756673331318
1756673332.2279124,0.33555,572.0,bid,1756673331592
1756673332.2279124,0.33691,4108.0,ask,1756673331592
1756673332.2362638,0.33555,572.0,bid,1756673331722
1756673332.2362638,0.33693,1855.0,ask,1756673331722
1756673332.3867965,0.33555,4745.0,bid,1756673331921
1756673332.3867965,0.33693,1855.0,ask,1756673331921
1756673332.4582467,0.33556,4792.0,bid,1756673331994
1756673332.4582467,0.33693,1855.0,ask,1756673331994
1756673332.5771258,0.33556,4701.0,bid,1756673332069
1756673332.5771258,0.33693,1552.0,ask,1756673332069
1756673332.6905422,0.33557,572.0,bid,1756673332193
1756673332.6905422,0.33719,1854.0,ask,1756673332193
1756673332.8487165,0.33557,4113.0,bid,1756673332396
1756673332.8487165,0.33719,1854.0,ask,1756673332396
1756673332.9713078,0.3368,139553.0,bid,1756673332527
1756673332.9713078,0.33719,1854.0,ask,1756673332527
1756673333.3859813,0.33681,572.0,bid,1756673332931
1756673333.3859813,0.33718,4243.0,ask,1756673332931
1756673335.9540613,0.33681,572.0,bid,1756673335454
1756673335.9540613,0.33682,10000.0,ask,1756673335454
1756673336.5102854,0.33681,572.0,bid,1756673336012
1756673336.5102854,0.33682,9657.0,ask,1756673336012
1756673337.1504326,0.33681,572.0,bid,1756673336673
1756673337.1504326,0.33682,2980.0,ask,1756673336673
1756673337.658157,0.33681,572.0,bid,1756673337103
1756673337.658157,0.33682,2672.0,ask,1756673337103
1756673338.71009,0.33681,536.0,bid,1756673338109
1756673338.71009,0.33682,2672.0,ask,1756673338109
1756673339.8871193,0.33609,536.0,bid,1756673339375
1756673339.8871193,0.33682,2672.0,ask,1756673339375
1756673340.3536475,0.3361,3513.0,bid,1756673339847
1756673340.3536475,0.33682,2672.0,ask,1756673339847
1756673340.7568448,0.3361,3513.0,bid,1756673340267
1756673340.7568448,0.33681,1856.0,ask,1756673340267
1756673341.0353866,0.33611,536.0,bid,1756673340584
1756673341.0353866,0.33681,1856.0,ask,1756673340584
1756673341.2589655,0.33611,536.0,bid,1756673340784
1756673341.2589655,0.3368,4168.0,ask,1756673340784
1756673341.354005,0.33612,3513.0,bid,1756673340876
1756673341.354005,0.3368,4168.0,ask,1756673340876
1756673341.55491,0.33612,3513.0,bid,1756673341078
1756673341.55491,0.3368,5406.0,ask,1756673341078
1756673341.7174568,0.33613,536.0,bid,1756673341247
1756673341.7174568,0.3368,5406.0,ask,1756673341247
1756673342.2887692,0.33613,536.0,bid,1756673341593
1756673342.2887692,0.33679,782.0,ask,1756673341593
1756673342.3281932,0.33614,3513.0,bid,1756673341731
1756673342.3281932,0.33679,782.0,ask,1756673341731
1756673342.713562,0.33615,536.0,bid,1756673342206
1756673342.713562,0.33632,15172.0,ask,1756673342206
1756673342.7506776,0.33615,4049.0,bid,1756673342289
1756673342.7506776,0.33632,15172.0,ask,1756673342289
1756673342.961046,0.33608,1607.0,bid,1756673342481
1756673342.961046,0.33632,20461.0,ask,1756673342481
1756673343.1036015,0.33525,4465.0,bid,1756673342590
1756673343.1036015,0.33632,20461.0,ask,1756673342590
1756673343.1693723,0.33525,1481.0,bid,1756673342652
1756673343.1693723,0.33632,20461.0,ask,1756673342652
1756673343.2323322,0.33525,1481.0,bid,1756673342737
1756673343.2323322,0.33632,27448.0,ask,1756673342737
1756673343.3560755,0.33526,3350.0,bid,1756673342886
1756673343.3560755,0.33542,15172.0,ask,1756673342886
1756673343.5237322,0.33526,2350.0,bid,1756673342998
1756673343.5237322,0.33542,15172.0,ask,1756673342998
1756673343.6589503,0.33526,2658.0,bid,1756673343140
1756673343.6589503,0.33542,15172.0,ask,1756673343140
1756673343.8754902,0.33526,412.0,bid,1756673343305
1756673343.8754902,0.33542,15172.0,ask,1756673343305
1756673343.892632,0.33492,412.0,bid,1756673343397
1756673343.892632,0.33542,15172.0,ask,1756673343397
1756673343.9656105,0.33492,412.0,bid,1756673343504
1756673343.9656105,0.3352,1239.0,ask,1756673343504
1756673344.153675,0.33492,412.0,bid,1756673343608
1756673344.153675,0.3351,4070.0,ask,1756673343608
1756673344.275386,0.33493,1667.0,bid,1756673343709
1756673344.275386,0.3351,4070.0,ask,1756673343709
1756673344.4174938,0.33491,4466.0,bid,1756673343805
1756673344.4174938,0.3351,4070.0,ask,1756673343805
1756673344.6534026,0.33491,4466.0,bid,1756673344115
1756673344.6534026,0.335,5000.0,ask,1756673344115
1756673344.723336,0.33491,3808.0,bid,1756673344212
1756673344.723336,0.335,5000.0,ask,1756673344212
1756673344.787645,0.33438,28873.0,bid,1756673344281
1756673344.787645,0.335,5000.0,ask,1756673344281
1756673345.2037055,0.33439,412.0,bid,1756673344684
1756673345.2037055,0.335,5000.0,ask,1756673344684
1756673345.3778026,0.33439,3773.0,bid,1756673344904
1756673345.3778026,0.33499,3773.0,ask,1756673344904
1756673345.763399,0.33439,3773.0,bid,1756673345298
1756673345.763399,0.33498,412.0,ask,1756673345298
1756673346.025296,0.33439,3773.0,bid,1756673345555
1756673346.025296,0.33497,3361.0,ask,1756673345555
1756673346.4172702,0.33439,3773.0,bid,1756673345957
1756673346.4172702,0.33496,412.0,ask,1756673345957
1756673346.6440828,0.33439,3773.0,bid,1756673346088
1756673346.6440828,0.33493,10000.0,ask,1756673346088
1756673346.711711,0.33439,2808.0,bid,1756673346216
1756673346.711711,0.33493,10000.0,ask,1756673346216
1756673346.9535356,0.33438,28873.0,bid,1756673346497
1756673346.9535356,0.33439,7192.0,ask,1756673346497
1756673347.0279934,0.33438,28873.0,bid,1756673346547
1756673347.0279934,0.33493,38.0,ask,1756673346547
1756673347.3291802,0.33438,28873.0,bid,1756673346762
1756673347.3291802,0.33476,211.0,ask,1756673346762
1756673347.3624182,0.33439,2697.0,bid,1756673346895
1756673347.3624182,0.33476,211.0,ask,1756673346895
1756673347.887847,0.33439,2697.0,bid,1756673346962
1756673347.887847,0.33492,5228.0,ask,1756673346962
1756673347.891357,0.33439,2736.0,bid,1756673347152
1756673347.891357,0.33492,5228.0,ask,1756673347152
1756673347.9487936,0.3344,2862.0,bid,1756673347298
1756673347.9487936,0.33491,2156.0,ask,1756673347298
1756673347.9487936,0.3344,2901.0,bid,1756673347353
1756673347.9487936,0.33491,2156.0,ask,1756673347353
1756673348.445002,0.33441,394.0,bid,1756673347752
1756673348.445002,0.33491,2465.0,ask,1756673347752
1756673348.7539382,0.33441,394.0,bid,1756673348107
1756673348.7539382,0.3349,309.0,ask,1756673348107
1756673348.754458,0.33442,1858.0,bid,1756673348164
1756673348.754458,0.3349,4469.0,ask,1756673348164
1756673349.027959,0.33442,1858.0,bid,1756673348327
1756673349.027959,0.3349,4160.0,ask,1756673348327
1756673349.0691814,0.33443,85.0,bid,1756673348528
1756673349.0691814,0.3349,4160.0,ask,1756673348528
1756673349.672738,0.33438,28473.0,bid,1756673349076
1756673349.672738,0.3349,4076.0,ask,1756673349076
1756673350.207428,0.33439,2529.0,bid,1756673349726
1756673350.207428,0.33489,1822.0,ask,1756673349726
1756673350.6828253,0.33439,2958.0,bid,1756673349981
1756673350.6828253,0.33489,2131.0,ask,1756673349981
1756673351.1559877,0.33439,2529.0,bid,1756673350396
1756673351.1559877,0.33489,2251.0,ask,1756673350396
1756673351.2306068,0.33439,2529.0,bid,1756673350743
1756673351.2306068,0.33489,1822.0,ask,1756673350743
1756673351.6375484,0.3344,1859.0,bid,1756673351149
1756673351.6375484,0.33488,1152.0,ask,1756673351149
1756673352.1111162,0.33492,6982.0,bid,1756673351591
1756673352.1111162,0.335,5000.0,ask,1756673351591
1756673352.517269,0.33492,6753.0,bid,1756673352030
1756673352.517269,0.335,4877.0,ask,1756673352030
1756673352.7393992,0.33492,6753.0,bid,1756673352230
1756673352.7393992,0.335,1420.0,ask,1756673352230
1756673353.5208087,0.33492,6753.0,bid,1756673353042
1756673353.5208087,0.335,1312.0,ask,1756673353042
1756673353.6054144,0.33492,6753.0,bid,1756673353163
1756673353.6054144,0.335,1281.0,ask,1756673353163
1756673353.7699318,0.33492,6753.0,bid,1756673353288
1756673353.7699318,0.33499,1866.0,ask,1756673353288
1756673354.1442618,0.33492,6753.0,bid,1756673353705
1756673354.1442618,0.33493,3520.0,ask,1756673353705
1756673358.5538957,0.33492,6753.0,bid,1756673358029
1756673358.5538957,0.33493,2945.0,ask,1756673358029
1756673358.59151,0.3353,3277.0,bid,1756673358086
1756673358.59151,0.33531,211.0,ask,1756673358086
1756673359.1634343,0.3353,3277.0,bid,1756673358683
1756673359.1634343,0.33539,1996.0,ask,1756673358683
1756673359.233191,0.3353,3277.0,bid,1756673358772
1756673359.233191,0.33536,1864.0,ask,1756673358772
1756673359.7848675,0.3353,3241.0,bid,1756673359083
1756673359.7848675,0.33536,1637.0,ask,1756673359083
1756673359.848815,0.3353,831.0,bid,1756673359364
1756673359.848815,0.33536,1637.0,ask,1756673359364
1756673360.018432,0.3353,831.0,bid,1756673359541
1756673360.018432,0.33535,4271.0,ask,1756673359541
1756673360.2501206,0.3353,831.0,bid,1756673359786
1756673360.2501206,0.33535,5232.0,ask,1756673359786
1756673360.4602513,0.3353,831.0,bid,1756673359974
1756673360.4602513,0.33531,3168.0,ask,1756673359974
1756673360.5635624,0.3353,734.0,bid,1756673360030
1756673360.5635624,0.33531,3168.0,ask,1756673360030
1756673360.8406773,0.3353,734.0,bid,1756673360387
1756673360.8406773,0.33535,3996.0,ask,1756673360387
1756673361.061892,0.3353,734.0,bid,1756673360587
1756673361.061892,0.33536,1637.0,ask,1756673360587
1756673361.270367,0.33492,2598.0,bid,1756673360786
1756673361.270367,0.33534,1208.0,ask,1756673360786
1756673361.4597538,0.33492,2598.0,bid,1756673360990
1756673361.4597538,0.33534,4168.0,ask,1756673360990
1756673361.5831416,0.33492,2442.0,bid,1756673361047
1756673361.5831416,0.33534,4168.0,ask,1756673361047
1756673361.6750858,0.33492,2442.0,bid,1756673361191
1756673361.6750858,0.33531,758.0,ask,1756673361191
1756673362.5876667,0.33492,2352.0,bid,1756673362025
1756673362.5876667,0.33531,758.0,ask,1756673362025
1756673362.775964,0.33492,2352.0,bid,1756673362206
1756673362.775964,0.33531,678.0,ask,1756673362206
1756673363.0220888,0.33492,2352.0,bid,1756673362511
1756673363.0220888,0.33531,596.0,ask,1756673362511
1756673363.1274364,0.33492,2352.0,bid,1756673362608
1756673363.1274364,0.33534,4124.0,ask,1756673362608
1756673363.502005,0.33492,2352.0,bid,1756673363008
1756673363.502005,0.33534,3821.0,ask,1756673363008
1756673364.2018905,0.33492,2352.0,bid,1756673363684
1756673364.2018905,0.33493,3909.0,ask,1756673363684
1756673364.9692616,0.33492,2352.0,bid,1756673364227
1756673364.9692616,0.33493,7736.0,ask,1756673364227
1756673365.5869868,0.33492,2352.0,bid,1756673364925
1756673365.5869868,0.33493,3827.0,ask,1756673364925
1756673366.5542533,0.33492,2352.0,bid,1756673366021
1756673366.5542533,0.33493,3481.0,ask,1756673366021
1756673366.9771717,0.33492,2352.0,bid,1756673366432
1756673366.9771717,0.33493,2473.0,ask,1756673366432
1756673368.619105,0.33492,2316.0,bid,1756673368036
1756673368.619105,0.33493,2165.0,ask,1756673368036
1756673369.883139,0.33492,7790.0,bid,1756673369236
1756673369.883139,0.33616,186.0,ask,1756673369236
1756673370.1121705,0.33492,7790.0,bid,1756673369574
1756673370.1121705,0.33581,1861.0,ask,1756673369574
1756673370.3263144,0.33493,3353.0,bid,1756673369800
1756673370.3263144,0.33615,3782.0,ask,1756673369800
1756673370.6426203,0.33493,3782.0,bid,1756673370072
1756673370.6426203,0.33615,429.0,ask,1756673370072
1756673370.8374734,0.33493,3782.0,bid,1756673370244
1756673370.8374734,0.3358,4691.0,ask,1756673370244
1756673371.0088484,0.33494,3782.0,bid,1756673370451
1756673371.0088484,0.3358,4691.0,ask,1756673370451
1756673371.195206,0.33494,3782.0,bid,1756673370651
1756673371.195206,0.33579,1861.0,ask,1756673370651
1756673371.4841635,0.33495,429.0,bid,1756673370986
1756673371.4841635,0.33579,1861.0,ask,1756673370986
1756673371.699236,0.33495,2425.0,bid,1756673371222
1756673371.699236,0.33578,429.0,ask,1756673371222
1756673371.856814,0.33496,1072.0,bid,1756673371301
1756673371.856814,0.33578,429.0,ask,1756673371301
1756673372.034482,0.33496,1072.0,bid,1756673371494
1756673372.034482,0.33578,4669.0,ask,1756673371494
1756673372.2317805,0.33497,429.0,bid,1756673371695
1756673372.2317805,0.33578,4669.0,ask,1756673371695
1756673372.2953393,0.33497,429.0,bid,1756673371791
1756673372.2953393,0.33578,429.0,ask,1756673371791
1756673372.6342099,0.33498,3354.0,bid,1756673372096
1756673372.6342099,0.33578,429.0,ask,1756673372096
1756673372.9316132,0.33499,429.0,bid,1756673372473
1756673372.9316132,0.33578,429.0,ask,1756673372473
1756673373.2088847,0.335,1071.0,bid,1756673372731
1756673373.2088847,0.33578,429.0,ask,1756673372731
1756673373.3122714,0.335,1071.0,bid,1756673372867
1756673373.3122714,0.33617,429.0,ask,1756673372867
1756673373.6164367,0.335,967.0,bid,1756673373066
1756673373.6164367,0.33617,429.0,ask,1756673373066
1756673373.7414265,0.33501,429.0,bid,1756673373120
1756673373.7414265,0.33616,3352.0,ask,1756673373120
1756673374.138475,0.33502,3352.0,bid,1756673373516
1756673374.138475,0.33615,429.0,ask,1756673373516
1756673374.241816,0.33502,3352.0,bid,1756673373716
1756673374.241816,0.33615,1686.0,ask,1756673373716
1756673374.4560125,0.33502,3352.0,bid,1756673373917
1756673374.4560125,0.33614,3352.0,ask,1756673373917
1756673374.7843573,0.33503,429.0,bid,1756673374003
1756673374.7843573,0.33614,3091.0,ask,1756673374003
1756673375.0389404,0.33503,3781.0,bid,1756673374378
1756673375.0389404,0.33613,429.0,ask,1756673374378
1756673375.4713066,0.33503,3781.0,bid,1756673374921
1756673375.4713066,0.33612,3352.0,ask,1756673374921
1756673375.7616448,0.33504,1996.0,bid,1756673375237
1756673375.7616448,0.33612,3352.0,ask,1756673375237
1756673375.8391302,0.33504,1996.0,bid,1756673375324
1756673375.8391302,0.33611,429.0,ask,1756673375324
1756673375.8706446,0.33624,18617.0,bid,1756673375377
1756673375.8706446,0.33634,12044.0,ask,1756673375377
1756673376.7375278,0.33625,429.0,bid,1756673376216
1756673376.7375278,0.33634,12044.0,ask,1756673376216
1756673376.9094412,0.33625,429.0,bid,1756673376347
1756673376.9094412,0.33633,3126.0,ask,1756673376347
1756673377.3425248,0.33624,14985.0,bid,1756673376820
1756673377.3425248,0.33633,3126.0,ask,1756673376820
1756673377.528061,0.33624,14985.0,bid,1756673376956
1756673377.528061,0.33633,2610.0,ask,1756673376956
1756673377.6304095,0.33624,14985.0,bid,1756673377022
1756673377.6304095,0.33633,2478.0,ask,1756673377022
1756673377.6694446,0.33624,14985.0,bid,1756673377222
1756673377.6694446,0.33632,4271.0,ask,1756673377222
1756673377.8915153,0.33624,14985.0,bid,1756673377423
1756673377.8915153,0.33633,2478.0,ask,1756673377423
1756673378.053185,0.33624,14985.0,bid,1756673377561
1756673378.053185,0.33633,1858.0,ask,1756673377561
1756673378.4143813,0.33624,14985.0,bid,1756673377964
1756673378.4143813,0.33632,1234.0,ask,1756673377964
1756673378.6438942,0.33624,14985.0,bid,1756673378167
1756673378.6438942,0.33632,1176.0,ask,1756673378167
1756673378.6847396,0.33624,14985.0,bid,1756673378230
1756673378.6847396,0.33632,5272.0,ask,1756673378230
1756673378.7547245,0.33624,14985.0,bid,1756673378289
1756673378.7547245,0.33632,5234.0,ask,1756673378289
1756673378.817444,0.33624,14985.0,bid,1756673378368
1756673378.817444,0.33632,5162.0,ask,1756673378368
1756673379.133886,0.33624,14985.0,bid,1756673378632
1756673379.133886,0.33632,1066.0,ask,1756673378632
1756673379.2361293,0.33624,14985.0,bid,1756673378777
1756673379.2361293,0.33633,1858.0,ask,1756673378777
1756673379.5477855,0.33624,14619.0,bid,1756673379036
1756673379.5477855,0.33633,1775.0,ask,1756673379036
1756673380.425407,0.33624,14619.0,bid,1756673379983
1756673380.425407,0.33634,12044.0,ask,1756673379983
1756673380.6673129,0.33624,14619.0,bid,1756673380181
1756673380.6673129,0.33634,10990.0,ask,1756673380181
1756673380.8549514,0.33624,14619.0,bid,1756673380382
1756673380.8549514,0.33632,1238.0,ask,1756673380382
1756673381.2121525,0.33624,14619.0,bid,1756673380707
1756673381.2121525,0.33625,1411.0,ask,1756673380707
1756673381.6286173,0.33624,9619.0,bid,1756673381187
1756673381.6286173,0.33625,1411.0,ask,1756673381187
1756673382.533418,0.33624,9449.0,bid,1756673382055
1756673382.533418,0.33625,1320.0,ask,1756673382055
1756673382.9258082,0.33624,9449.0,bid,1756673382386
1756673382.9258082,0.33625,1234.0,ask,1756673382386
1756673383.0429075,0.33624,9449.0,bid,1756673382588
1756673383.0429075,0.33625,1181.0,ask,1756673382588
1756673383.1939957,0.33624,9449.0,bid,1756673382727
1756673383.1939957,0.33625,1052.0,ask,1756673382727
1756673386.3326194,0.33624,4449.0,bid,1756673385875
1756673386.3326194,0.33625,1052.0,ask,1756673385875
1756673386.546478,0.33549,4460.0,bid,1756673386076
1756673386.546478,0.33625,1052.0,ask,1756673386076
1756673386.8827035,0.3355,324.0,bid,1756673386426
1756673386.8827035,0.33625,1052.0,ask,1756673386426
1756673386.9072452,0.3355,3674.0,bid,1756673386478
1756673386.9072452,0.33625,1052.0,ask,1756673386478
1756673387.0729535,0.3355,3674.0,bid,1756673386595
1756673387.0729535,0.33631,1858.0,ask,1756673386595
1756673387.195614,0.33551,1996.0,bid,1756673386680
1756673387.195614,0.33624,4515.0,ask,1756673386680
1756673387.6148639,0.33551,1996.0,bid,1756673387029
1756673387.6148639,0.33624,4191.0,ask,1756673387029
1756673387.6292381,0.33552,3673.0,bid,1756673387082
1756673387.6292381,0.33624,4191.0,ask,1756673387082
1756673387.810541,0.33552,3673.0,bid,1756673387271
1756673387.810541,0.33624,3721.0,ask,1756673387271
1756673387.9207191,0.33552,3673.0,bid,1756673387411
1756673387.9207191,0.33624,3622.0,ask,1756673387411
1756673387.9861677,0.33553,324.0,bid,1756673387472
1756673387.9861677,0.33623,241.0,ask,1756673387472
1756673388.1123598,0.33553,324.0,bid,1756673387651
1756673388.1123598,0.336,10990.0,ask,1756673387651
1756673388.2066514,0.33517,1996.0,bid,1756673387778
1756673388.2066514,0.3355,6327.0,ask,1756673387778
1756673388.598407,0.33517,1996.0,bid,1756673388050
1756673388.598407,0.33593,15172.0,ask,1756673388050
1756673388.9499414,0.33517,1996.0,bid,1756673388389
1756673388.9499414,0.33588,214.0,ask,1756673388389
1756673389.1829596,0.33518,3353.0,bid,1756673388644
1756673389.1829596,0.33588,214.0,ask,1756673388644
1756673389.6198373,0.33518,3353.0,bid,1756673388994
1756673389.6198373,0.33587,324.0,ask,1756673388994
1756673389.690606,0.33518,3317.0,bid,1756673389195
1756673389.690606,0.33553,6327.0,ask,1756673389195
1756673389.8819702,0.33517,1996.0,bid,1756673389267
1756673389.8819702,0.33518,6327.0,ask,1756673389267
1756673390.048241,0.33515,4460.0,bid,1756673389349
1756673390.048241,0.33518,6327.0,ask,1756673389349
1756673390.2968228,0.33515,4460.0,bid,1756673389675
1756673390.2968228,0.33587,308.0,ask,1756673389675
1756673390.318998,0.33483,214.0,bid,1756673389734
1756673390.318998,0.33552,2104.0,ask,1756673389734
1756673390.3353744,0.33477,1730.0,bid,1756673389803
1756673390.3353744,0.33552,2104.0,ask,1756673389803
1756673390.5359457,0.33477,1632.0,bid,1756673390044
1756673390.5359457,0.33552,2104.0,ask,1756673390044
1756673390.5908866,0.33516,3353.0,bid,1756673390078
1756673390.5908866,0.33552,2104.0,ask,1756673390078
1756673390.6839547,0.33477,1632.0,bid,1756673390153
1756673390.6839547,0.33552,241.0,ask,1756673390153
1756673390.7412841,0.33484,67.0,bid,1756673390261
1756673390.7412841,0.33552,241.0,ask,1756673390261
1756673391.016617,0.33484,67.0,bid,1756673390410
1756673391.016617,0.33551,1570.0,ask,1756673390410
1756673391.1826837,0.33485,3356.0,bid,1756673390652
1756673391.1826837,0.33551,1570.0,ask,1756673390652
1756673391.3392327,0.33485,3356.0,bid,1756673390855
1756673391.3392327,0.33518,5960.0,ask,1756673390855
1756673391.4342144,0.33486,67.0,bid,1756673390959
1756673391.4342144,0.33518,5960.0,ask,1756673390959
1756673391.7099288,0.33485,3243.0,bid,1756673391108
1756673391.7099288,0.33518,5960.0,ask,1756673391108
1756673391.8267393,0.33477,1632.0,bid,1756673391217
1756673391.8267393,0.33517,241.0,ask,1756673391217
1756673392.5837986,0.33477,1541.0,bid,1756673392007
1756673392.5837986,0.33517,241.0,ask,1756673392007
1756673392.875858,0.33477,1541.0,bid,1756673392316
1756673392.875858,0.33536,308.0,ask,1756673392316
1756673393.3793101,0.33478,492.0,bid,1756673392809
1756673393.3793101,0.33593,5194.0,ask,1756673392809
1756673393.5066748,0.33478,492.0,bid,1756673393013
1756673393.5066748,0.33593,4891.0,ask,1756673393013
1756673393.7591205,0.33478,492.0,bid,1756673393271
1756673393.7591205,0.33592,277.0,ask,1756673393271
1756673394.006665,0.3348,1996.0,bid,1756673393417
1756673394.006665,0.33592,1509.0,ask,1756673393417
1756673394.23467,0.3348,1996.0,bid,1756673393723
1756673394.23467,0.33592,5665.0,ask,1756673393723
1756673394.3621888,0.33481,3632.0,bid,1756673393820
1756673394.3621888,0.33592,7526.0,ask,1756673393820
1756673394.5866723,0.33481,2903.0,bid,1756673394086
1756673394.5866723,0.33592,7176.0,ask,1756673394086
1756673394.7768517,0.33482,277.0,bid,1756673394242
1756673394.7768517,0.33592,7176.0,ask,1756673394242
1756673395.1245918,0.33482,277.0,bid,1756673394432
1756673395.1245918,0.33591,3355.0,ask,1756673394432
1756673395.2309954,0.33483,3355.0,bid,1756673394655
1756673395.2309954,0.33591,3355.0,ask,1756673394655
1756673395.486688,0.33477,1541.0,bid,1756673394994
1756673395.486688,0.33479,1506.0,ask,1756673394994
1756673396.5816822,0.33477,1541.0,bid,1756673396058
1756673396.5816822,0.33479,1198.0,ask,1756673396058
1756673396.6926348,0.33477,1541.0,bid,1756673396140
1756673396.6926348,0.33554,4481.0,ask,1756673396140
1756673396.733581,0.33477,1541.0,bid,1756673396265
1756673396.733581,0.33553,1863.0,ask,1756673396265
1756673396.987835,0.33478,3357.0,bid,1756673396543
1756673396.987835,0.33553,5687.0,ask,1756673396543
1756673397.1022375,0.33478,2580.0,bid,1756673396602
